2198 3796
253 504 310 574 ³48
410 507 740 563 beornuino

248 631 377 687 maiorum
392 631 515 700 opinione
537 631 607 698 niti,
633 639 660 686 et
679 632 721 686 ita-
735 633 847 700 viuere,
873 645 906 693 vt

249 743 297 796 ego
314 725 362 780 fim
386 726 492 795 posteris
517 728 582 781 meis
611 727 758 782 nobilitatis
777 730 902 796 initium,

249 830 276 878 et
292 823 398 876 virtutis
413 821 571 890 exemplum.
620 823 713 891 Neque
727 840 769 878 me
786 841 846 878 cum
869 826 903 879 iis

248 916 361 972 conferri
384 919 474 984 deoet,
492 917 521 972 P.
538 918 567 972 C.
591 919 637 987 qui
651 919 703 972 iem
722 917 901 994 decesserunt,

248 1014 370 1081 omnique
391 1012 450 1067 odio
470 1020 576 1080 carent,
596 1021 623 1068 et
636 1014 756 1074 incidias
783 1012 826 1068 sed
841 1031 902 1070 cum

247 1109 301 1173 iis,
330 1109 386 1194 quil
400 1125 501 1164 mecum
523 1125 576 1164 vna
599 1111 628 1163 in
648 1110 784 1177 republica
807 1108 901 1165 versati

247 1202 315 1258 sunt.
352 1205 403 1260 Sed
423 1201 554 1258 siluerim
574 1213 619 1260 cut
637 1207 667 1259 in
693 1205 834 1260 honoribus
856 1223 902 1274 pe-

246 1300 333 1356 tendis
355 1300 432 1354 nimis
454 1297 625 1363 ambitiosus3
656 1298 732 1370 (non
755 1303 822 1356 hanc
843 1302 904 1356 dieo

246 1395 397 1466 popularem
417 1395 610 1463 ambitionem,
639 1398 712 1452 cuius
736 1413 779 1452 mc
803 1397 903 1467 princi-

246 1507 306 1560 pem
326 1488 465 1556 confiteor,
493 1489 536 1546 sed
559 1493 633 1546 illam
652 1491 821 1562 perniciosam
840 1509 903 1554 con,-

245 1595 287 1642 tra
307 1587 397 1654 leges,
424 1588 498 1641 cuiue
520 1589 617 1656 primos
643 1589 745 1640 ordines
764 1587 903 1642 sallustius

246 1679 343 1749 duxit)
363 1690 409 1738 aut
433 1684 462 1737 in
479 1660 598 1752 gelendis
616 1679 825 1750 magistratibus,
853 1691 901 1738 aut

244 1780 274 1834 in
292 1779 457 1832 vindicandis
472 1777 607 1832 meleficiis
629 1783 685 1832 tam
701 1775 823 1838 seuerum
852 1786 902 1833 aut

244 1875 274 1928 in
292 1876 389 1929 tuenda
406 1875 541 1944 republica
555 1881 611 1928 tum
626 1871 757 1943 vigilares
775 1889 854 1942 quum
868 1879 901 1928 tu

244 1968 459 2039 proscriptionem
486 1987 591 2026 vocare
627 1972 726 2036 credo,
752 1969 821 2038 quod
846 1969 921 2023 norr'

245 2082 335 2119 omnes
348 2067 388 2120 tui
403 2064 498 2121 similes
514 2051 660 2121 incolumes
675 2067 705 2120 in
718 2067 768 2120 bac
784 2065 847 2120 vrbe
860 2066 903 2120 vl·

244 2159 356 2216 xilsentr
382 2162 419 2217 At
437 2170 533 2232 quanto
549 2162 661 2228 meliore
677 2161 736 2215 loco
753 2160 902 2228 respublica

243 2255 338 2324 staret,
363 2256 430 2314 litu
454 2273 550 2328 paroc
573 2254 663 2310 smilis
677 2253 839 2308 scelestorum
862 2256 900 2308 ci·

127 2351 132 2367 '
244 2353 341 2421 oium,
371 2368 424 2408 vna
447 2368 507 2406 cum
525 2351 580 2403 illis
608 2351 792 2402 adnumeratus
812 2345 897 2404 esses!

244 2447 288 2502 An
305 2462 354 2515 ego
371 2453 435 2498 tunc
450 2440 514 2495 salso
531 2438 634 2507 scripsi,
665 2441 756 2494 Cedant
771 2459 843 2495 orma
861 2451 899 2496 to-

183 2522 186 2532 *
242 2559 306 2611 gae,
331 2538 376 2611 qui
395 2543 498 2616 togatus
514 2541 641 2600 muratos,
656 2533 697 2590 ‘et
712 2553 776 2605 pace
796 2537 898 2594 bellum

243 2629 377 2704 opprobii
406 2630 449 2686 An
463 2629 531 2685 illud
554 2631 681 2686 mentitus
703 2629 776 2699 sum,
804 2635 899 2688 Fortu.

242 2739 328 2782 nutam
350 2733 434 2778 notum
452 2745 491 2780 me
512 2727 608 2790 consule
628 2727 751 2790 Ronramp
777 2730 824 2798 qui
839 2737 899 2784 tan.

241 2829 299 2880 tum
318 2820 471 2876 intestinum
486 2822 605 2888 bellum,
624 2831 651 2878 et
671 2822 838 2880 domesticum
854 2841 899 2878 vr-

242 2917 283 2972 bis
298 2918 450 2972 incendium
463 2917 600 2974 exstinxi?

216 3061 227 3076 ,
276 3013 328 3070 111.
353 3013 446 3082 Nequc
460 3023 488 3070 te
497 3015 537 3071 tui
550 3016 641 3084 piget,
659 3015 737 3070 homo
750 3013 899 3080 tonitrium·
