2238 3800
293 541 734 597 FRAGMENTA·
784 545 842 604 251

230 665 280 721 Sed
297 663 344 735 ipsi
361 665 450 720 ierunt
471 673 573 721 unnim
596 682 629 720 ex
642 663 740 736 “grege‚
769 682 846 735 quem

192 775 274 830 prope
296 761 384 816 littora
410 762 515 830 regebat
540 757 616 815 Corsa
641 763 747 820 nominc
766 761 846 832 ligus
880 775 887 782 ·

194 857 296 912 mulier.
325 856 409 921 Prisc.
423 857 469 911 lib.
486 871 530 912 vt.

228 949 297 1006 Nam
308 956 432 1022 quaedam
450 952 526 1008 Corsa
543 955 648 1008 nomine
663 953 742 1022 Ligus
753 935 846 1008 mulier

194 1063 254 1102 curn
270 1057 375 1103 taurum
393 1065 426 1101 ex
441 1057 534 1117 grege,
563 1065 640 1116 quem
656 1065 736 1116 prope
757 1048 847 1102 littora

193 1143 318 1211 regebat,
337 1152 497 1199 transnatare
516 1141 639 1204 solitum,
659 1151 736 1210 atque
749 1126 847 1208 perin-

193 1237 320 1302 temnis,
347 1254 453 1307 corpote
475 1237 568 1302 auito,
594 1251 707 1290 remeare
721 1236 846 1301 videret,

194 1333 302 1399 cupiens
317 1332 381 1388 icirc
398 1334 531 1404 incognita
545 1331 594 1386 fibi
611 1330 726 1402 pabula,
742 1339 847 1385 taurum

194 1441 210 1480 a
225 1429 318 1483 ceteris
328 1431 520 1499 degredientem
532 1429 659 1497 usquead
672 1423 787 1482 Insulam
801 1441 846 1480 na-
932 1477 941 1496 ,

193 1521 265 1592 nigio
278 1521 411 1593 prosecana
428 1525 472 1581 est.
521 1525 600 1579 Cuius
618 1521 731 1594 regressu
746 1519 847 1578 insulae

192 1617 356 1676 fertilitatem
372 1620 553 1691 cognoscentes
563 1619 688 1689 Ligures,
707 1617 805 1702 ratibus
815 1631 846 1674 ec

193 1715 317 1784 profecti,
343 1733 451 1788 eamque
473 1717 579 1771 nomine
598 1715 716 1770 mulieris
734 1715 845 1770 austeris
909 1709 911 1716 ’

190 1819 221 1867 ct
238 1812 310 1867 ducis
337 1813 545 1881 appellauerunt
577 1809 686 1878 historus
708 1810 755 1865 lib.
775 1823 843 1866 xlv.

162 1931 165 1938 ·
194 1923 250 1977 cap.
260 1921 306 1962 vt.

228 2001 270 2055 Ne
279 1999 327 2052 illa
337 2007 412 2054 tauro
426 1998 589 2068 paratafint.
609 1999 722 2054 Donatus
730 1999 787 2054 ast
798 2012 844 2057 lv.

196 2093 238 2148 Sc.
249 2105 286 2146 11.
305 2094 425 2147 Andriae.

229 2176 376 2246 Daedalum*
392 2205 425 2244 ex
435 2187 526 2243 Sicilia
543 2185 706 2256 profestum,
726 2192 785 2244 curn
792 2191 846 2245 Mi.

194 2287 272 2340 nonis
286 2284 390 2355 ingeret
402 2286 485 2352 iram,
503 2291 582 2356 atque
597 2299 668 2352 opes.
697 2284 846 2347 Priscianus

184 2381 300 2454 111111.
320 2384 432 2438 Seruius.

229 2477 313 2542 Quem
331 2495 365 2533 ex
379 2479 542 2534 Mauritania
564 2495 611 2532 rex
627 2477 745 2548 Leptasta
760 2477 847 2548 prodi-

194 2571 274 2625 tionis
297 2571 474 2630 insnnulatum
497 2591 557 2631 cum
575 2574 721 2636 custodibus
734 2571 845 2629 miserat.

191 2664 343 2728 *Priscianus
362 2665 408 2722 111).
422 2681 445 2724 1.

223 2761 301 2826 'Quos
319 2760 453 2817 aduersum
471 2763 548 2819 multi
569 2781 603 2819 ex
613 2763 742 2835 Bithynia
756 2764 848 2821 volen-

193 2864 234 2914 tes
244 2871 396 2924 occutrere‚
414 2856 507 2914 falsum
519 2857 605 2914 filium
621 2861 755 2930 arguituri.
786 2860 847 2916 Pri-

188 2953 291 3016 scs'cnus
305 2947 352 3008 lib.
362 2967 393 3009 x.
584 2989 587 2996 ·
835 2955 839 2968 “

229 3049 264 3104 Vt
279 3048 380 3106 accone
393 3049 530 3107 desisteret.
558 3048 662 3124 Meffics.
760 3071 764 3080 ’
