2212 3790
301 539 353 592 ιιι
393 499 717 591 srrrvsrrvrr.
777 539 834 601 34⁹

182 679 242 720 eum
263 679 293 718 eu
306 662 414 730 culpae,
442 677 508 732 quae
527 662 556 714 in
572 658 684 714 historiis
700 660 766 714 mihi
781 654 837 728 glo-

179 761 235 812 riae
255 759 349 814 ducis?
373 758 418 812 An¹
431 759 534 827 turpius
555 755 607 823 est,
632 756 662 810 P.
675 756 704 810 C.
724 753 837 810 scriben-

180 862 234 910 tem
250 855 376 920 mentiri,
395 870 472 924 quam
485 853 563 908 illum
577 852 664 920 palam
677 852 728 906 hoc
744 851 837 906 ordine

181 950 333 1006 dicentem?
363 949 449 1014 Nam,
478 950 548 1017 quod
568 948 598 1001 in
618 954 730 1016 aetutem
752 947 838 1003 incre·

181 1046 274 1114 petisti,
293 1052 397 1099 tantum
411 1060 453 1099 me
473 1039 557 1096 abelle
574 1049 638 1110 puto
652 1041 685 1095 ab
699 1043 839 1110 impudici·

180 1143 235 1206 tia,
253 1145 380 1208 quantum
397 1144 427 1192 tu
443 1153 458 1190 a
473 1137 609 1207 pudicitia.
646 1136 698 1190 Sed
716 1138 779 1205 quid
790 1155 837 1206 ego

182 1237 215 1288 de
233 1245 260 1290 te
272 1235 350 1303 plum
357 1233 474 1302 querar?
494 1233 564 1296 Quid
577 1231 647 1286 enim
666 1232 772 1286 mentiri
783 1239 838 1287 tur-

180 1347 215 1399 pe
237 1331 332 1397 duces,
362 1329 407 1398 qui
425 1328 491 1382 mihi
511 1324 586 1382 aulus
605 1323 638 1380 lis
661 1326 838 1394 eloquentiam

181 1427 222 1481 vti
242 1426 338 1482 vitium
360 1423 491 1490 obiicere,
520 1423 594 1477 euius
617 1418 717 1490 semper
739 1439 837 1478 nocens

182 1521 274 1590 eguisti
286 1518 455 1589 patrocinio?
473 1518 516 1573 An
525 1517 610 1572 vllum
619 1517 756 1572 existumas
766 1517 837 1587 polle

180 1615 240 1672 lieri
258 1617 344 1672 ciuem
370 1615 518 1684 egregium,
544 1615 591 1682 qui
606 1629 661 1668 uon
677 1613 718 1668 his
736 1612 837 1670 artibus

182 1720 209 1767 et
221 1710 364 1780 disciplinis
379 1707 411 1765 lit
427 1708 567 1768 emetitur?
595 1709 637 1784 Arr
649 1709 705 1764 vlla
722 1709 774 1764 alia
788 1726 837 1779 pu-

181 1816 222 1864 tas
239 1805 289 1862 elle
313 1807 462 1861 rudimenta
488 1813 514 1859 et
531 1803 692 1858 incunabula
709 1806 835 1873 virtutis,

181 1903 276 1972 quibus
293 1902 380 1956 animi,
397 1900 430 1953 ad
454 1899 553 1967 gloriae
575 1899 743 1966 cupiditatem
762 1901 837 1954 alun-

181 1995 248 2052 tur?
274 1995 326 2049 Sed
345 1994 455 2047 minime
475 1993 573 2045 minrm
591 1991 646 2058 est,
665 1992 694 2046 Ρ.
710 1993 738 2046 C.
757 1991 837 2050 film-

182 2107 242 2156 mo‚
270 2089 315 2158 qui
341 2086 452 2143 defidiae
475 2103 506 2140 ac
523 2085 644 2140 luxuriae
669 2087 763 2154 plenu's
786 2088 835 2158 fit,

182 2187 248 2240 haee
263 2193 294 2240 vt
309 2196 378 2238 uuua
393 2190 470 2252 atque
487 2178 611 2236 inuiitata
623 2182 741 2236 miratur.
767 2185 836 2240 Nam

167 2282 253 2357 ⁸meod
264 2279 311 2336 illa
332 2275 455 2334 inusitata
474 2277 544 2332 rabie
557 2277 705 2345 petulanter
723 2279 752 2332 iu
771 2295 837 2334 vxo·
869 2337 879 2358 ,

181 2393 255 2444 rem,
274 2383 301 2431 et
316 2377 345 2429 in
357 2373 440 2430 liliam
454 2389 540 2428 meum
559 2370 693 2440 inmiti,
712 2389 780 2446 quae
797 2373 837 2429 fa·

181 2473 259 2526 cilius
269 2470 294 2526 se
303 2473 425 2527 mulieres
435 2487 451 2524 a
463 2471 529 2527 viris
544 2468 740 2534 abstinuerunt,
759 2487 837 2540 quam

182 2575 213 2620 tu
231 2568 273 2621 vir
296 2583 311 2619 a
326 2569 410 2629 viris3
437 2566 497 2622 satis
515 2565 588 2621 delle
601 2582 632 2619 ec
645 2567 730 2634 perite
741 2565 834 2622 fecisti.

182 2659 244 2716 Non
262 2661 332 2714 enim
349 2679 391 2716 me
410 2659 513 2730 sperasti
530 2669 648 2716 mutuam
664 2662 714 2717 tibi
725 2664 836 2732 gratiam

179 2756 325 2812 relaturum
340 2738 351 2822 ,ι
374 2764 404 2811 vt
426 2755 536 2810 viciffim
559 2764 617 2810 tuas
643 2757 834 2824 compellarem.

183 2851 256 2906 Vnus
277 2853 347 2906 enim
364 2850 423 2908 satis
438 2869 465 2907 es
480 2853 601 2907 materiae
616 2851 731 2906 habene:
751 2851 836 2925 neque

73 2985 77 2993 s
183 2949 323 3018 quidquam
342 2950 444 3016 turpius
457 2947 501 3001 vest
515 2949 584 3001 domi
596 2953 673 3012 mae,
699 2963 778 3016 quam
795 2958 833 3006 tu.

60 3113 67 3118 “
183 3043 302 3100 Multum
317 3052 345 3099 te
361 3060 423 3100 vero
443 3043 532 3110 opinio
549 3041 634 3109 fallit,
654 3043 699 3111 qui
711 3045 776 3098 mihi
787 3062 835 3114 pu·
