2226 3784
230 503 325 564 ‚242
396 465 790 552 saturetur

265 625 356 690 nune,
380 630 407 678 et
427 621 515 677 iustus
534 637 611 676 curae
627 619 709 689 lunt,
735 609 778 684 oni
800 621 871 678 nihil
888 622 925 678 est

265 721 354 786 domi,
378 715 427 774 niso
452 719 531 772 arnus
553 724 682 786 partum,
713 726 759 773 aut
784 735 832 788 per
853 719 924 774 iniu-

263 815 351 873 rien?
372 813 486 870 alterum
499 811 663 868 consulatum
677 814 764 881 petis,
783 811 853 883 quafi
868 815 922 884 pri·

265 887 338 966 urum
354 908 520 966 reddideris:
539 907 610 962 bello
627 910 793 964 concordiam·
809 911 922 978 quaeris,

264 1023 315 1076 quo
333 1013 408 1076 parta
427 1003 697 1084 diltrrrbatureunolbri
714 1005 848 1073 proditor,
866 1004 921 1060 iltis

263 1100 376 1168 infidus,
395 1099 603 1156 hoffisonniun
616 1097 754 1155 bonorum.
789 1099 826 1156 Vt
836 1109 863 1156 te
875 1117 922 1156 ne-

263 1213 314 1270 que
327 1199 480 1262 hominurn,
498 1211 585 1264 usque
598 1196 726 1262 deorum,
743 1197 839 1265 pudet,
856 1213 921 1268 quos

263 1311 311 1365 per
322 1292 420 1358 fidem,
439 1298 484 1346 aut
498 1291 613 1359 periurio
622 1291 743 1346 violasti!
763 1291 824 1360 Qui,
841 1309 922 1363 quan

264 1391 297 1444 do
314 1389 435 1453 talises,
461 1401 567 1440 manens
590 1387 622 1440 in
646 1384 794 1453 sententia,
819 1396 846 1444 et
860 1389 922 1443 reti·

264 1501 326 1540 neas
342 1499 429 1549 arura,
452 1489 480 1536 te
496 1481 601 1538 hortor:
630 1498 684 1538 nen
700 1483 861 1552 prolatandis
883 1481 921 1538 le·

264 1577 408 1638 ditionibus
423 1577 528 1646 inquies
543 1575 613 1647 ipse,
639 1573 687 1633 nos
707 1579 736 1632 in
753 1577 920 1634 solieinrdine

263 1676 383 1731 attinens.
410 1715 414 1722 .
432 1673 526 1741 Neque
540 1682 567 1730 te
580 1674 749 1742 prouinciae,
777 1688 864 1743 neque
880 1673 920 1729 le·

229 1785 234 1792 ·
260 1787 325 1840 ges,
350 1785 437 1839 neque
463 1770 500 1824 dii
528 1777 634 1839 penates
663 1769 747 1824 ciuem
772 1769 917 1838 patiuntur.

262 1867 365 1938 Perge,
384 1882 435 1936 que
447 1865 580 1935 tetoldi,
606 1873 637 1920 vt
657 1881 737 1934 quarn
758 1872 918 1922 maturusne

262 1965 356 2018 uerita
371 1961 501 2017 inuenies.
536 1960 709 2028 vosautem,
728 1960 758 2016 P.
777 1961 807 2017 C.
824 1973 919 2030 quous·

262 2076 314 2128 que
329 2059 473 2113 eundiando
491 2074 576 2128 remp.
596 2059 711 2114 intutam
722 2058 874 2127 patiemini,
892 2063 921 2114 et

261 2154 349 2210 verbis
366 2171 438 2209 arura
453 2154 616 2210 tentabitis?
644 2153 769 2211 Deledtus
782 2151 919 2208 aduersum

261 2267 308 2306 vos
326 2251 435 2308 babiti:
463 2252 591 2319 pecuniae
615 2248 722 2316 publice
747 2257 775 2302 et
793 2247 918 2314 priuatim

243 2332 397 2408 'extortaer
416 2343 541 2414 praefidia
559 2342 669 2397 uetusta
686 2347 764 2408 atque
775 2337 916 2408 impofitus

262 2457 295 2498 ex
311 2441 430 2496 lubidine
445 2440 517 2506 leges
533 2435 712 2503 imperantur
731 2413 791 2490 ou'iu
808 2435 917 2492 interim

261 2553 308 2594 ros
329 2538 427 2604 legatos
443 2541 469 2587 et
482 2533 585 2586 decreta
604 2531 711 2599 paratis
748 2529 785 2588 Et
798 2539 915 2602 quanto,

260 2630 428 2696 mehercule,
453 2628 557 2684 auidius
573 2641 664 2696 pacem
677 2629 824 2697 petieritis,
842 2635 916 2684 tanto
1000 2658 1002 2662 Α

260 2728 361 2784 bellum
378 2728 463 2781 acrius
480 2727 552 2786 erite
575 2741 636 2778 eum
651 2723 804 2795 intelliget,
826 2721 852 2778 se
863 2741 918 2780 ure·

260 2827 291 2878 tu
303 2825 401 2894 magis,
420 2837 497 2892 quam
513 2835 595 2890 aequo
609 2827 636 2876 et
653 2820 720 2876 bono
736 2819 918 2876 sutentatum.

260 2917 329 2974 Nam
355 2922 401 2988 qui
422 2919 512 2974 turbas
540 2927 567 2972 et
589 2917 818 2972 caedernoiuibm
836 2909 918 2968 odilie-

260 3016 313 3082 ait,
331 3023 358 3072 et
375 3016 409 3070 ob
421 3016 469 3082 id,
486 3022 585 3068 amato
604 3011 717 3080 Lepido,
735 3025 782 3064 vos
802 3009 917 3068 netues
