2198 3796
279 534 720 606 attremant.
771 538 831 598 299

214 659 284 715 'l'eia
300 668 386 716 autem
406 659 473 714 alitia
492 659 528 714 est
547 658 645 713 a'l'eio
661 659 831 714 Anacreontis

181 754 275 810 Poetae
297 756 384 826 Lyrici
398 756 510 824 oppido,
527 756 595 824 quod
615 755 644 808 in
655 755 832 824 Paphlagonia
919 821 927 836 ·

67 859 70 864 “
140 873 142 880 ,
182 848 232 904 else
248 849 382 905 Sallustius
398 851 511 916 indicat,
532 867 591 906 cum
610 852 642 905 de
656 847 706 905 filu
722 849 832 905 Pontico

181 943 305 1014 loquitur.
339 947 511 998 Communia
527 945 618 999 Horat.

216 1039 296 1094 Porro
308 1038 443 1094 Sallustius
460 1038 548 1091 autlar
563 1037 722 1093 certissumus
731 1037 832 1105 efferii,

182 1140 236 1188 tam
248 1133 345 1202 Tegris
355 1170 363 1196 ‚
373 1147 449 1200 quarn
458 1129 599 1198 Euphratis
608 1131 636 1184 in
643 1133 766 1188 Armenia
775 1133 834 1188 fon·

183 1209 223 1281 les¹
233 1225 408 1280 demonstrari.
435 1225 539 1278 Hieron.
554 1226 582 1278 de
597 1226 658 1278 loeis
674 1227 738 1280 Hele.

218 1320 284 1375 Cum
300 1321 377 1376 multi
390 1317 667 1393 euaierintTroianum
678 1322 833 1391 periculum,

182 1415 223 1470 vti
239 1416 343 1492 Capys,
363 1416 407 1486 qui
426 1416 594 1486 Campaniam
610 1417 714 1477 tenuit3
733 1427 764 1474 vt
779 1419 833 1476 He.

181 1511 278 1577 lenus,
305 1513 350 1582 qni
370 1519 400 1566 vt
415 1511 478 1578 alii,
508 1511 674 1577 Sardiniam,
692 1510 832 1571 seeundum

181 1605 340 1660 Sallustium.
370 1608 481 1668 Seruius.
842 1603 845 1607 ’

216 1701 384 1758 Sallustianus
394 1702 558 1771 Calpurnius.
567 1701 711 1772 Hieronym.
721 1705 754 1760 ad
763 1706 831 1777 Rus.
924 1746 932 1758 ,

216 1797 385 1868 Calpurniani
404 1795 531 1865 discipuli.
558 1797 628 1850 Idem
647 1801 747 1855 ibidem.

182 1887 188 1896 ’
216 1892 319 1955 Tamen
331 1892 438 1960 vulgata
449 1892 501 1944 ianr
520 1907 561 1944 res
576 1891 612 1944 est
621 1894 760 1960 gentilium
774 1912 833 1963 pro-

181 1987 330 2062 prietatum.
355 1983 454 2040 Comici
465 1983 831 2054 Phrygas'timidosilludnnt.

183 2079 319 2146 Sallustius
334 2094 415 2142 vanos
430 2079 554 2144 Mauros,
574 2087 601 2132 et
617 2079 717 2136 feroces
728 2080 833 2140 Dalma-

168 2173 324 2245 vtaspnllat.
356 2173 463 2228 Tenui.
482 2173 511 2228 cle
527 2175 619 2238 aalma.

217 2267 362 2326 sarcasmus
373 2265 525 2324 Chleuaimo
535 2269 653 2338 proxima
661 2269 713 2336 est,
730 2269 833 2326 etlimi-

181 2345 216 2422 lis
238 2367 337 2436 figaria,
371 2381 421 2435 qua
447 2356 746 2432 armantarmant,
774 2382 833 2420 cum

183 2463 380 2518 exacerbatione
401 2458 499 2515 admilli
519 2459 670 2516 lacellimus.
714 2461 750 2515 Vt
765 2463 834 2530 apud
869 2466 872 2473 '

183 2556 332 2611 Sallustium
352 2559 384 2611 de
401 2556 490 2611 Sullae
506 2557 667 2611 erudelitate.
704 2556 740 2611 Vt
751 2558 779 2610 in
790 2556 831 2611 M.

182 2651 270 2706 Mario
286 2669 345 2704 cum
361 2649 444 2704 frana
455 2653 528 2718 prius
538 2668 665 2720 cnrraper
678 2659 748 2705 artus
761 2650 834 2719 expi-
935 2667 937 2672 ·

182 2753 260 2802 reret.
284 2746 336 2800 Iul.
353 2745 504 2812 Rufinianus
520 2747 548 2804 de
557 2746 693 2809 schematis
710 2747 797 2800 lexeos.

184 2869 187 2878 .
217 2838 424 2908 Mesopotameni
444 2842 561 2896 homines
578 2840 717 2897 effrenatae
738 2841 834 2896 lubidi-

183 2937 224 2996 nis
238 2935 315 3002 sunt,
341 2943 372 2990 vt
388 2935 523 2992 Sallustius
538 2937 659 2993 meminit
678 2937 706 3002 in
723 2943 833 3005 atroque

183 3031 254 3089 sexu.
285 3027 377 3103 Glofflre
390 3034 417 3086 in
432 3034 582 3090 qumalm.
