2258 3792
254 567 310 626 134
380 561 768 618 SALLvsrll
869 563 874 573 '

249 683 335 738 Latini
353 691 379 738 et
401 681 482 738 socios
490 685 603 762 *italicos
623 686 809 754 impedimento
831 700 904 754 para·
979 706 981 712 ,

248 779 319 833 bant.
347 779 397 833 Sed
412 778 500 847 plebes
510 819 525 854 ἱ
536 779 691 835 incredibile
702 787 845 835 memoratu
858 779 903 845 est,

190 941 193 947 Ι
249 891 326 942 quam
343 875 446 928 intenta
462 873 560 940 inerit,
585 883 732 945 quantaque
747 877 775 930 vi
793 875 905 945 rogatio·

251 985 311 1023 nem
330 967 445 1035 iullecit,
471 971 635 1036 decreuerit,
661 971 798 1026 voluerit:
821 971 903 1039 magis

249 1065 310 1118 oclio
327 1064 489 1132 nobilitatis,
516 1067 559 1121 cui
576 1067 645 1120 mma
661 1065 707 1119 illa
729 1065 902 1133 parabantur,

101 1219 105 1226 ,
149 1225 151 1230 ,
247 1175 324 1229 quam
343 1161 584 1231 curareipublicoe.
621 1167 694 1216 tanta
708 1159 796 1214 lubido
806 1161 834 1212 in
847 1175 904 1228 par.

246 1255 327 1311 tibus.
371 1256 455 1326 Igitur
484 1259 578 1312 ceteris
605 1263 678 1310 metu
694 1253 835 1325 perculsis,
861 1255 902 1309 M.

248 1351 383 1417 Scaurus,
411 1369 487 1419 quem
508 1353 623 1420 legatum
640 1351 741 1405 Bestiae
765 1348 839 1418 supra
860 1351 905 1405 do-

249 1445 366 1509 enimus,
394 1446 463 1499 inter
483 1445 610 1499 laetitiam
632 1444 732 1511 piebis,
758 1451 785 1498 et
801 1443 905 1500 luorum

247 1537 354 1606 fugam,
375 1540 477 1606 trepida
493 1539 642 1592 etiamtum
659 1539 777 1602 ciuitate,
797 1555 857 1591 cum
870 1553 904 1592 ex

246 1631 369 1685 Mamilia
387 1633 520 1701 rogatione
537 1639 590 1694 tres
612 1629 764 1700 quacfitores
783 1647 904 1700 rogarem-

245 1734 304 1792 tur‚
327 1725 465 1792 effecerat,
484 1727 524 1780 vti
538 1725 591 1794 ipse
614 1726 643 1779 in
660 1742 690 1779 eo
708 1741 817 1780 numero
833 1741 903 1780 creas

247 1830 328 1878 retur.
366 1821 417 1876 Sed
439 1819 551 1891 quaestio
569 1821 684 1875 exercita
699 1818 786 1890 aspere
801 1822 903 1876 violen-

245 1923 337 1986 terque
361 1935 394 1971 ex
410 1933 531 1982 rumore,
558 1925 584 1971 et
600 1915 723 1996 lubidine
743 1916 836 1984 plebis.
872 1925 903 1973 vt

246 2008 319 2080 saepe
337 2011 520 2079 nobilitatem,
539 2010 574 2066 lic
589 2009 619 2066 ea‘
633 2011 783 2081 tempestate
797 2013 903 2084 plebem

247 2121 280 2159 ex
296 2104 415 2162 secundis
431 2107 508 2162 rebus
524 2106 663 2164 insolentia
680 2117 791 2178 ceperat

472 2203 545 2259 Cae.
583 2203 668 2259 XLI.

280 2297 402 2352 Ceterum
420 2315 475 2352 mos
499 2301 614 2368 partium
627 2299 792 2368 popularium
813 2305 841 2352 et
856 2297 902 2352 Se·

244 2394 300 2448 nati
320 2391 482 2458 fallionem,
509 2411 539 2448 ac
560 2394 655 2448 deinde
680 2391 797 2445 omnium
822 2391 901 2448 enela-¹

245 2503 303 2541 rum
324 2488 419 2543 mum
436 2488 524 2556 paucis
538 2491 599 2541 ente
615 2486 690 2540 annis
708 2486 805 2540 Romae
819 2495 909 2556 ortus!

245 2584 298 2637 otio
319 2591 346 2638 et
361 2581 520 2637 abundantia
536 2597 625 2637 earum
639 2597 742 2649 rerum,
761 2600 827 2653 quae
849 2585 902 2654 pri-

244 2678 428 2735 memoriales
446 2679 552 2733 ducunt.
596 2677 665 2732 Nam
687 2686 748 2734 ante
768 2679 902 2750 Carthago

244 2789 305 2828 nem
326 2774 437 2830 deletam
454 2773 566 2843 populus
589 2781 616 2830 et
639 2774 750 2830 Senatus
768 2776 900 2830 Romanus

244 2867 345 2938 placide
363 2851 537 2938 'modesteque
566 2869 636 2926 inter
660 2869 685 2926 le
712 2851 900 2939 rempublicam

196 3014 200 3024 ,
243 2963 406 3018 tractabam:
435 2981 520 3034 neque
543 2954 659 3034 glori'ae,
677 2980 762 3033 neque
784 2962 900 3017 domino-

185 3031 197 3051 Ι
242 3057 324 3112 tionis
344 3065 476 3113 certamen
489 3060 559 3114 intes
576 3061 641 3124 ciuis
664 3065 735 3115 erat:
753 3063 838 3121 metus
852 3056 899 3123 lio·
