2156 3808
276 523 334 578 no
385 497 697 593 rvovnrunn.
759 525 816 590 ru

204 643 271 700 Ibid.
288 647 359 716 1.19.
377 643 644 700 Gaetuonniscuere
655 645 678 712 ι]
711 643 817 715 vulgos

157 729 247 794 serum
265 731 335 794 misc.
354 732 431 801 quod,
453 732 516 799 quir
531 729 601 786 obest
621 730 733 788 aGuelf.
743 748 769 798 4.
791 739 819 788 er

166 812 277 870 Eooard.
305 817 446 884 locumque
475 823 580 883 mutat,
609 818 638 870 in
660 815 768 902 fabrio.
791 833 820 871 or

108 902 111 908 '
166 898 278 956 Frano.'
295 901 384 968 Vinar.
403 916 427 954 o.
457 901 560 956 Cottius
585 900 682 970 abegit.
726 902 817 965 Moxe

169 987 239 1051 alio,
269 987 354 1040 deinde
373 986 441 1050 alia,
459 985 546 1054 plures
564 985 645 1040 Cortii
664 987 738 1042 codd.
775 988 819 1042 Sio

168 1069 240 1123 infra
259 1071 414 1124 C.xxxv1.
432 1067 558 1136 Iugurtha
568 1073 646 1136 otius,
664 1072 819 1128 deindenlior
880 1109 881 1113 =

170 1172 252 1207 morae
274 1154 357 1226 cousus
373 1155 473 1220 saone.
521 1153 621 1225 Vulgo:
648 1157 700 1210 alia
715 1159 818 1225 deinde,

171 1248 246 1309 arque
259 1241 319 1292 alia.

205 1339 235 1394 P.
248 1344 306 1396 106.
319 1341 339 1394 l.
350 1352 374 1402 8.
396 1341 502 1396 nomine
518 1341 672 1408 Numiden]
698 1339 742 1395 Slo
758 1338 819 1398 sorl-

69 1411 79 1428 ⁰
171 1428 210 1496 pti
228 1426 282 1481 lere
299 1443 406 1490 ornnes:
425 1423 472 1482 nifi
490 1429 560 1496 quod
578 1426 703 1482 nonnulli
720 1427 819 1482 addunt

171 1529 259 1580 praep.
264 1511 322 1574 sub.
338 1513 372 1566 al
384 1512 460 1567 aliter
471 1513 589 1568 turbant.
625 1511 753 1566 Nonnulli
765 1512 818 1582 leg.

170 1599 435 1652 Nom-Numidae.
473 1598 544 1664 Quae
559 1595 649 1652 turbas
660 1613 693 1650 err
707 1597 819 1652 difflone

170 1685 267 1735 nomine
282 1685 431 1750 Numidae,
458 1683 571 1739 librariis
590 1681 755 1738 insolentium
777 1697 819 1738 ot·

171 1775 210 1823 tae
231 1768 334 1824 Cottius
354 1768 490 1836 existImat.

205 1868 236 1924 P.
255 1885 312 1938 109.
332 1869 351 1921 l.
372 1872 413 1924 16.
432 1871 493 1936 quia
512 1871 554 1923 die
568 1875 715 1924 extremum
731 1868 820 1938 eran]

173 1955 217 2008 Sic
238 1953 343 2008 Vrntisl.
368 1969 391 2006 1.
421 1969 436 2006 a
460 1951 543 2021 prime
567 1969 656 2007 uranu.
692 1954 734 2009 Ita
750 1954 820 2008 infru

175 2039 275 2092 G.1.11.
293 2047 318 2090 et
337 2040 388 2090 iom
402 2037 441 2091 dle
459 2037 546 2106 vesper
565 2048 636 2104 erat,
654 2039 693 2094 vti
712 2039 781 2096 eon.
804 2056 820 2096 e

174 2121 293 2193 pluribus
305 2122 385 2176 MSS.
394 2121 523 2192 reposuit,'
533 2125 638 2192 antiqua
646 2125 756 2194 genitiui
764 2132 819 2179 ter-

175 2209 333 2276 minatione,
351 2209 407 2263 looo
423 2212 491 2275 diei,
517 2211 591 2277 quod
608 2219 657 2264 cet.
677 2211 750 2274 codd.
775 2209 819 2265 hie

175 2302 251 2364 atque
269 2293 307 2348 ibi
321 2287 436 2360 habent}
453 2293 488 2349 cf.
508 2296 541 2348 ad
554 2309 612 2362 pag.
626 2307 683 2361 103.
695 2295 714 2347 l.
726 2310 751 2363 9.
770 2294 820 2348 Pa-

175 2379 196 2436 ri
210 2383 286 2434 modo
296 2380 324 2436 C.
339 2394 381 2434 ιι.
391 2382 496 2434 multum
513 2382 552 2433 die
562 2375 715 2450 procefferor,
727 2396 820 2449 quam-

175 2465 217 2520 uis
229 2472 317 2520 contra
334 2467 407 2520 codd.
427 2463 559 2534 reposuit,
578 2465 623 2533 qui
636 2463 742 2532 habent,
758 2468 818 2522 diei.

212 2582 273 2652 Pag.
286 2598 344 2636 ruo.
357 2581 377 2635 l.
388 2586 413 2636 6.
433 2577 540 2636 Romam
551 2582 698 2636 Adherbale
714 2581 819 2653 milles]

176 2657 310 2722 lncuelf.
323 2683 349 2734 4.
368 2667 469 2722 Fabric.
480 2683 503 2721 1.
528 2668 625 2736 Regius
632 2665 741 2722 Wallei.
762 2668 819 2728 Cet.

176 2753 205 2804 ob
224 2753 368 2806 Adherbale.
388 2751 422 2806 cf.
443 2751 560 2807 Cortium
575 2754 606 2806 ad
620 2753 647 2806 h.
665 2753 684 2806 l.

210 2852 277 2908 lbid.
291 2853 345 2922 l.'9.
366 2852 442 2907 ambo
459 2855 555 2922 reges]
581 2853 622 2908 ltu
641 2853 754 2921 aprima
765 2849 821 2906 mo·

172 2955 212 2994 nu
230 2939 320 2994 Guelf.
332 2955 358 3005 4.
379 2939 498 3004 vetuste,
517 2957 562 3008 pro
581 2941 669 3004 ambos,
685 2941 753 3008 quod
768 2947 821 2998 cer.

175 3025 283 3080 habent.
319 3025 364 3080 Sic
380 3043 443 3080 mox
458 3042 515 3095 pag.
536 3023 605 3094 sequ.
621 3023 643 3096 1.ι
654 3036 696 3092 23.
721 3022 768 3078 duo
782 3023 822 3078 le·
