2156 3808
261 543 320 596 AD
370 538 680 595 IVGVRTHAM·
746 540 806 598 429

162 663 252 732 discit,
279 666 356 720 oeulis
374 665 516 734 perlustrat.
552 663 669 717 Multam
686 659 808 718 Wass'eus

162 753 305 806 dottrinam
319 750 438 816 ostentat,
456 759 502 817 vt,
521 751 592 819 quod
602 764 678 802 nemo
691 747 809 800 omniurn

161 837 280 906 ignorat,
310 838 377 906 quod
400 837 478 892 vuius
497 832 582 890 sensus
599 835 731 902 proprium
752 831 808 897 est,

161 922 236 984 alteri
256 919 383 986 adscribi,
410 919 558 974 monstret·
587 917 703 974 Dediffet
722 919 809 986 potius

161 1006 291 1074 exempla,
307 1019 374 1074 quae
389 1001 554 1071 ipsumhunc
567 1001 741 1072 significatum
750 1010 810 1056 v'er-

160 1090 194 1144 bo
207 1090 356 1160 perscribere
369 1089 540 1144 vindicarent.
566 1089 635 1142 Nam
651 1088 810 1155 perscribere,

161 1176 230 1244 quod
255 1171 323 1240 scio,
350 1173 402 1238 est,
421 1173 533 1236 seribere
549 1173 581 1226 ad
605 1175 700 1238 alium,
727 1172 810 1226 inter·

162 1262 240 1326 dum,
258 1269 338 1312 totum
352 1257 473 1328 scribere.
510 1259 631 1327 Denique
656 1256 710 1311 bini
734 1257 808 1311 codd.

161 1345 227 1400 alter
246 1342 392 1409 hidensis,
406 1343 472 1398 alter
489 1341 615 1404 Walie15
635 1341 757 1406 describit.
785 1341 810 1395 A

161 1445 212 1496 qun
226 1445 274 1499 ego
293 1428 405 1482 ledlione
422 1444 478 1482 non·
493 1427 629 1481 abhorreo.
663 1425 721 1484 Hoc
739 1428 811 1480 enim

161 1516 266 1568 demum
280 1513 335 1579 est,
351 1513 432 1582 ¹quud
456 1513 526 1567 haud
541 1512 647 1580 inepte,
672 1527 732 1580 mea
753 1513 810 1582 qui·

162 1600 221 1653 dem
239 1597 388 1665 sententia,
418 1595 549 1667 Crispinus
568 1597 695 1662 reddidit,
723 1599 744 1650 r'l
756 1601 810 1666 prit

159 1686 260 1754 deplere.
306 1683 339 1737 In
355 1699 406 1755 qno
420 1699 474 1737 non
490 1681 544 1748 est,
565 1689 595 1738 vt
612 1682 749 1751 quisquam
765 1681 815 1738 vel·

161 1771 192 1826 de
208 1771 349 1840 graphide‚
367 1768 411 1822 vel
427 1769 458 1821 de
473 1767 619 1832 chartulis,
638 1766 699 1822 fuco
719 1777 745 1826 et
763 1785 811 1836 pe-

159 1855 248 1908 niculo
274 1854 390 1921 cogitans
411 1867 470 1904 cum
487 1849 595 1914 Walleo
614 1851 708 1906 Martis
729 1849 810 1905 fidem

160 1938 291 2006 imploret.
333 1935 407 1989 Haec
424 1935 494 1988 enim
512 1951 566 1987 non
584 1935 664 2002 magis
681 1932 812 1994 nor‘defi·

161 2014 298 2085 demmin,
314 2013 540 2089 quam'pugillares
551 2025 628 2088 atque
637 2018 724 2074 stilum
730 2017 811 2074 Wat

160 2104 234 2172 leus,
253 2106 355 2174 quando
369 2103 503 2173 perscribit
520 2104 662 2172 legendum
680 2103 773 2160 censet

195 2189 224 2244 P.
237 2207 296 2244 202.
307 2189 327 2242 l.
336 2205 361 2255 4.
382 2190 503 2258 ponderis
519 2189 602 2258 gratia
614 2187 707 2256 semul,
726 2198 752 2245 et
770 2189 811 2245 ol·

159 2275 232 2330 sensa
249 2293 300 2345 quo
315 2275 403 2329 leuius
422 2273 588 2342 streperent]
623 2274 702 2330 neue
719 2275 753 2330 lrc
768 2277 810 2332 di-

159 2363 250 2416 llinxit
267 2362 386 2427 Certim,
405 2377 465 2415 cum
482 2374 618 2428 perperam
639 2363 696 2416 edd.
718 2377 808 2416 omnes
914 2354 942 2406 ·'

150 2448 231 2516 stmul
242 2456 265 2500 et
280 2445 369 2515 offensa
387 2452 605 2514 coagmentarent

190 2533 259 2587 lbid.
275 2531 329 2591 18
356 2529 450 2600 quibus
466 2530 581 2584 adleuati
597 2528 701 2583 facilius
724 2529 812 2600 escen·¹

161 2617 283 2683 retent]
335 2616 451 2686 Vulgor·
473 2617 560 2684 quibus
585 2617 694 2668 adleuuti
716 2617 809 2668 milites

161 2710 210 2757 cet.
256 2703 310 2767 Qui
324 2702 442 2756 milites?
466 2700 698 2769 inquirenrtius,
718 2708 809 2754 centu-
912 2717 915 2724 ·

159 2789 279 2841 rionesne
300 2803 333 2838 an
350 2787 498 2851 tubicines,
526 2801 560 2838 an
577 2783 707 2852 utrique?
743 2782 809 2838 Eam

138 2864 239 2942 'igitur
267 2887 359 2926 vocem
390 2877 515 2939 tanquam
547 2867 701 2937 superfluam
729 2868 807 2924 delet.

160 2957 243 3021 Quam
260 2958 365 3026 quidem
382 2955 514 3008 innetiam
537 2957 606 3010 diens
624 2954 687 3008 licet
704 2953 735 3008 ab
756 2954 808 3018 iis,

160 3045 205 3112 qui
220 3042 265 3098 [ub
283 3039 363 3099 finem
376 3041 437 3109 Cap.
454 3041 809 3110 xc111.pronumrror1uin·
