2226 3784
282 487 340 560 ¹7⁶
415 489 799 549 autnvsarr

279 637 325 678 rae
347 617 405 676 effe.
442 615 545 674 Deinde
560 617 661 688 postero
677 620 739 686 die,
768 627 858 678 eontra
876 616 931 700 opi-³

278 718 385 772 nionem
398 715 556 784 Iugurthae,
582 715 615 768 ad
631 713 744 770 Thalam
762 718 928 784 perueniunt·

278 812 422 881 Oppidani,
446 810 490 879 qui
508 806 534 863 ie
551 809 669 864 locorum
689 808 822 879 asperitate
844 814 931 866 muni·

276 913 317 963 tos
334 903 495 961 crediderant
501 935 513 969 ,-
528 919 622 973 magna
632 911 710 973 atque
721 903 825 961 insolita
834 923 862 962 re
872 923 929 976 per-

217 1063 221 1070 ,
276 1001 360 1068 culfi,
383 1000 468 1056 nihilo
487 997 589 1069 segnior
606 1000 706 1056 bellurn
722 1017 832 1071 parare:
859 1004 928 1065 idern

276 1100 355 1156 nostri
371 1097 467 1152 facere*

469 1191 541 1245 Cau.
578 1185 728 1248 LXXVI.
825 1229 829 1236 =
883 1243 885 1249 A

311 1287 362 1342 Sed
378 1303 427 1341 rex
443 1285 512 1340 nihil
533 1289 586 1341 iarn
600 1287 726 1343 initorum
744 1287 857 1344 Metello
873 1301 927 1344 ere-¹

275 1387 355 1447 dena,
374 1383 470 1450 quippe
484 1383 528 1451 qui
540 1385 647 1444 omnia3
666 1397 754 1449 arma,
767 1385 829 1450 tela,
845 1385 926 1450 locos,

273 1483 408 1546 tempora,
438 1477 557 1544 deniquo
570 1486 688 1532 nauium
707 1477 804 1547 ipsam,
834 1481 926 1534 ceteris
1012 1547 1017 1564 f

273 1573 481 1642 imperitantem,
505 1572 629 1628 industria
646 1574 758 1639 uicerat,
784 1591 844 1628 oum
861 1575 926 1629 libe-

273 1670 309 1723 tis
323 1675 351 1722 et
367 1677 460 1736 magna
475 1676 548 1736 parte
564 1665 690 1737 pecuniae
711 1685 744 1721 ex
763 1669 857 1736 oppido
879 1685 926 1725 noe

273 1766 317 1820 stu
331 1762 463 1833 profugit:
484 1780 568 1832 neque
584 1761 668 1830 postea
681 1762 710 1814 in
726 1763 783 1816 vllo
801 1763 859 1818 lo‘co
871 1781 925 1818 ama

272 1861 342 1931 plius
352 1873 405 1914 vua
415 1860 472 1927 die,
491 1865 538 1912 aut
546 1873 598 1912 vna
612 1851 829 1934 noitexmo'rat'rrs,
848 1857 925 1914 fimo«

245 1985 247 1990 v
271 1955 343 2011 labat
356 1953 407 2009 ieie
424 1955 523 2022 negotii
535 1955 619 2023 gratia
631 1967 789 2022 properare3
809 1963 924 2012 ceterum

271 2051 444 2122 proditionem
459 2049 584 2130 timebat,
602 2061 680 2118 quarn
697 2051 779 2104 vitare
792 2049 870 2120 poiia¹
884 2069 925 2106 oe-

271 2145 375 2202 leritate
406 2145 525 2216 putabat.
562 2163 624 2199 nam
652 2144 715 2200 talia
741 2145 846 2200 confilia
877 2158 925 2214 per

270 2242 369 2309 otium,
399 2250 426 2296 et
441 2257 474 2294 ex
491 2229 686 2308 opportunitate
707 2243 771 2307 capi.
807 2239 843 2294 At
863 2235 924 2293 Mea

267 2338 349 2395 tellus
364 2337 409 2392 vbi
423 2336 564 2403 oppidanos
579 2335 676 2400 praelio
691 2335 821 2398 intentos,
846 2331 923 2388 simul

268 2435 393 2504 oppidum
410 2436 436 2482 et
449 2424 588 2495 operibns,
613 2435 639 2480 et
656 2425 714 2480 loco
732 2428 862 2481 munitum
882 2429 923 2484 via
972 2469 974 2474 ,

268 2531 336 2594 det,
367 2524 437 2579 vallo
468 2519 582 2590 fossaque
607 2523 709 2574 moenia
739 2524 920 2580 circumuenit.

267 2624 369 2680 Deinde
389 2619 454 2674 locis
474 2633 509 2672 ex
530 2620 603 2687 eopia
624 2633 747 2673 maxume
769 2621 868 2674 idoneis
883 2623 922 2675 vi-

268 2731 328 2773 neas
346 2731 437 2786 agere,
454 2730 573 2783 aggerem
590 2716 689 2781 iacere,
717 2725 745 2771 et
758 2712 834 2784 super
848 2733 922 2784 agge«

185 2801 188 2810 ’
267 2827 322 2867 rem
345 2803 470 2880 impositis
490 2811 605 2866 turribus
625 2829 689 2880 opus
712 2819 738 2866 et
760 2809 920 2866 administros

266 2909 354 2962 tutari.
392 2907 488 2960 Contra
504 2906 569 2960 haee
582 2903 705 2974 oppidani
720 2905 855 2968 ieiunare,
875 2919 920 2970 pa-

266 3016 350 3056 rare:
377 2999 478 3070 prorsus
498 3001 530 3054 ab
558 3001 674 3069 verisque
700 2999 768 3053 nihil
789 2998 919 3068 reliquum
970 3029 976 3038 ·
