2226 3784
341 537 855 604 Ivaunum-165

207 669 329 739 quidam,
347 665 569 730 nomineGauda‚
581 663 857 730 Mastanabaliefilius‚
897 703 900 711 f

207 761 356 818 Mussuilsee
370 779 468 831 nepos,
487 779 564 830 quem
582 759 694 829 Micipsa
708 759 859 815 testamento

207 856 347 912 secundum
365 859 487 912 heredem
502 854 654 924 scripserat,
683 854 779 910 morbis
799 873 860 910 con-

141 1015 147 1026 *
207 951 308 1020 setius,
335 961 362 1008 et
387 952 420 1006 ob
443 969 499 1006 eam
516 951 627 1016 cpulsem
643 959 730 1006 mente
741 949 860 1020 paullum

208 1049 357 1103 imminuta.
394 1047 443 1102 Cui
459 1046 586 1102 Metellus
604 1049 719 1114 petenti,
737 1062 809 1100 more
820 1061 860 1098 re-

209 1159 272 1210 gum
288 1143 327 1197 vti
345 1141 435 1195 sellam
450 1143 523 1197 iuxta
538 1150 669 1209 poneret;
693 1143 756 1196 item
775 1130 860 1208 pollen

211 1235 340 1290 custodiae
365 1235 439 1291 causa
460 1244 571 1291 turmam
598 1237 713 1306 equitum
732 1235 861 1290 Romano-

195 1347 286 1405 tum,
305 1339 446 1400 utrumque
462 1339 614 1400 negauerat:
634 1311 774 1398 lusorem,
793 1331 861 1400 quud

211 1443 301 1480 eorum
317 1429 394 1482 modu
412 1426 498 1493 foret,
524 1443 588 1495 quos
603 1425 715 1496 populus
729 1425 861 1481 Romanus

210 1539 283 1592 reges
299 1521 492 1592 adpellauitsets
519 1520 691 1591 praesidium,
711 1523 780 1592 quod
801 1539 863 1577 ceu-

209 1617 374 1674 ttuneliusum
387 1620 415 1672 in
433 1635 476 1674 eos
492 1617 578 1684 foret,
596 1615 616 1670 st
634 1617 734 1686 equites
751 1617 863 1673 Romani

209 1713 335 1771 satellites
352 1715 482 1770 Numidae
498 1711 671 1769 traderentur.¹
708 1713 787 1766 Hune
801 1713 863 1767 Ma-

208 1812 263 1865 rius
283 1812 390 1864 anxium
406 1810 555 1878 adgreditur
573 1817 650 1878 atque
667 1808 804 1874 hortatur,
823 1809 862 1862 vti

210 1905 427 1960 contumeliarum
444 1904 607 1972 imperatoris
625 1921 685 1958 eum
703 1902 748 1959 suo
765 1904 862 1958 auxilio

211 2015 308 2069 poenae
327 2007 408 2068 petat.
445 1993 578 2065 homiuem
603 1999 636 2054 ob
655 1999 758 2054 morbos
777 2001 863 2054 animo

211 2111 305 2164 parum
322 2093 409 2148 valido
426 2091 538 2148 secunda
559 2096 674 2150 oratione
692 2087 813 2152 extollit:
832 2097 864 2150 il·

116 2188 119 2198 '
194 2193 264 2244 -sum
280 2208 381 2257 regem,
400 2191 524 2258 ingentun
540 2193 644 2256 virm,
662 2187 806 2262 Mefinifflz‘e
823 2209 864 2244 ne·
916 2237 925 2245 ,

209 2297 291 2358 potem
308 2281 369 2356 effe:
384 2285 415 2356 st
429 2285 559 2352 Iugurtha
573 2295 675 2354 captus,
694 2299 740 2342 aut
753 2275 862 2351 amful,

190 2386 343 2458 'imperium
369 2383 512 2438 Numidiae
520 2380 579 2449 stne
599 2399 668 2434 mora
694 2376 864 2437 habiturum:

211 2480 240 2530 id
259 2480 317 2532 adeo
343 2489 440 2534 mature
455 2473 518 2549 poffe
535 2480 652 2544 euenire,
667 2477 698 2545 fi
714 2477 765 2547 ipse
783 2478 866 2542 e‘dnsul
932 2504 937 2517 ·

213 2573 244 2624 aa
263 2573 290 2625 id
306 2573 393 2626 lelium
406 2569 488 2641 miffus
494 2575 577 2639 foret.
619 2573 711 2642 Itaque
729 2581 755 2629 et
771 2573 864 2640 illum,

213 2673 240 2720 et
258 2667 358 2734 equites
383 2665 532 2735 Romanos,
557 2670 655 2724 milites
679 2677 706 2723 et
724 2669 865 2737 negotiata·

212 2779 253 2818 tes
276 2761 340 2816 alios
358 2759 428 2829 ipse,
452 2761 587 2833 plerosque
605 2763 661 2834 spes
680 2765 752 2833 pacis
773 2765 866 2833 impel-

212 2860 259 2925 lit,
289 2859 330 2913 vti
351 2857 462 2912 Romam
483 2857 515 2910 ed
533 2855 590 2913 suos
608 2859 760 2915 necessarios
778 2858 865 2928 aspere

211 2956 239 3010 in
252 2955 394 3010 Metellum
406 2954 439 3007 de
455 2951 528 3014 hello
537 2951 670 3022 scribant,
687 2956 804 3012 Marium
816 2958 865 3011 im-

211 3060 356 3120 peratorem
373 3047 488 3121 poscent.
536 3050 583 3106 Sic*
596 3052 639 3106 illi
659 3069 675 3104 a
693 3051 783 3108 multis
797 3071 866 3108 mor-
