2204 3810
255 543 314 613 436
374 517 640 612 unnue'uns·
667 552 802 605 nucu.

255 679 317 728 cert.
329 689 352 727 1.
382 673 470 728 Sttuv.
494 672 602 741 Berger.
621 673 748 741 Guelf.7.
763 690 803 728 10.
822 682 847 728 et
866 691 907 728 12.

254 757 310 812 Cet.
332 761 478 826 expulerit„
496 757 536 813 Cf.
556 757 574 811 s.
594 761 626 812 ad
647 777 672 826 p.
688 759 778 826 1321.
792 774 817 824 4.

288 842 357 896 Ibid.
374 843 393 894 1.
405 858 447 908 25.
469 844 540 897 Tum
559 842 644 897 rursus
662 844 792 908 Bocchus,
809 843 853 898 seu
869 861 909 898 re·
923 863 934 884 ·

253 929 406 996 putando‚]
441 928 541 984 Multi:
566 931 632 982 Tum
648 930 734 992 rursus
752 931 910 995 Bocchusfe-

253 1015 338 1067 liciter
353 1021 403 1067 cet.
440 1014 482 1068 nl.
504 1016 560 1069 eins
571 1015 629 1068 loeo
639 1015 765 1081 flellitnr.
786 1017 908 1084 quodad·

254 1097 352 1154 ieeum
376 1106 481 1167 propter
510 1100 538 1154 C.
554 1113 613 1154 c11.
639 1104 734 1154 animus
757 1103 855 1154 barbari
879 1103 908 1152 ab

254 1187 344 1238 amicis
356 1186 453 1251 flexus.
490 1187 629 1250 Mintur,
651 1203 800 1256 quanquam
821 1187 908 1239 locum

254 1271 461 1325 contaminatum
476 1271 618 1336 existimat,
636 1269 719 1326 serunt
739 1279 827 1326 tamen
841 1271 908 1324 Gru·
943 1266 945 1269 ’

253 1363 344 1421 tetus,
374 1357 566 1426 reprehendens
587 1356 752 1422 Carmonem,
778 1357 824 1426 qui
843 1357 909 1408 omi-

252 1439 327 1496 fiffet.
366 1442 469 1498 eortius
483 1442 614 1497 vetustum
629 1446 757 1510 quoddam
775 1440 908 1509 exemplar

194 1549 196 1554 ’
251 1524 360 1581 solemni
376 1527 426 1581 hoc
440 1528 521 1582 verbo
532 1531 652 1594 feliciter
672 1529 716 1582 hic
733 1527 840 1582 finitum
859 1543 908 1594 pu-

251 1618 299 1674 tat.
335 1612 410 1666 Idem
430 1619 482 1666 tres
505 1611 564 1668 suos
591 1614 711 1666 meliores
733 1615 807 1666 codd.
831 1611 908 1680 paulo

251 1693 362 1752 infen‘us
380 1695 471 1762 finiri,
491 1705 517 1754 et
532 1697 607 1767 supra
624 1698 653 1752 C.
667 1710 786 1751 uxxxv.
803 1700 831 1750 in
846 1697 906 1750 MS.

252 1781 408 1835 Academico
425 1783 560 1851 geminum
582 1783 660 1852 plene
684 1799 797 1837 errorem
817 1779 908 1837 admis-

251 1863 307 1921 sum
324 1867 407 1921 docet.
445 1869 511 1922 Inde
526 1870 619 1924 merito
637 1867 798 1924 exturbauit.

286 1952 316 2005 Ρ.
332 1968 391 2018 215.
408 1953 427 2005 l·
440 1970 464 2007 1.
482 1969 548 2022 quae
563 1951 611 2008 fibi
629 1952 730 2007 duobus
745 1953 849 2021 praeliis
862 1971 907 2007 ve·
923 1957 931 1970 '

252 2039 385 2104 nerant,]
419 2038 502 2092 Multi
520 2039 642 2106 quidem,
658 2017 809 2092 'euenerann
856 2039 906 2092 Sed

250 2123 320 2175 illud
336 2122 398 2176 boni
415 2125 489 2177 codd.
509 2132 536 2178 et
553 2125 643 2177 raritas
666 2121 720 2191 ipsa
738 2113 854 2186 tuentur.

288 2205 356 2262 Ibid.
370 2209 388 2261 l.
403 2221 443 2268 18.
463 2209 570 2278 largitio
590 2208 682 2262 multis
706 2209 831 2276 ignerat]
867 2208 907 2262 Ita

253 2291 374 2360 CortiuS,
394 2295 463 2364 quod
478 2292 568 2347 Guelf.
586 2298 612 2348 6.
634 2296 752 2360 ignorat,
774 2303 842 2357 erut,
862 2293 907 2344 In-

254 2385 316 2432 cert.
349 2379 437 2432 Senat.
466 2377 573 2432 Vretisl.
604 2374 730 2434 secundos
766 2385 792 2430 et
813 2373 904 2429 Heuff.

251 2467 365 2527 ignorata
379 2474 432 2516 erat
451 2462 562 2526 habere,
582 2469 608 2516 et
635 2478 728 2515 vocem
744 2464 832 2527 ignara
852 2462 906 2514 iam

251 2547 328 2616 supra
342 2550 370 2602 in
385 2551 486 2616 ignota,
510 2555 556 2602 aut
575 2551 690 2615 ignorata
706 2554 854 2616 corruptam
866 2548 907 2600 vi-

252 2631 334 2688 diffet.
383 2635 427 2688 Sic
444 2631 520 2702 supra
540 2634 568 2687 C.
589 2645 688 2687 xcm.
708 2633 801 2700 cupido
817 2621 906 2700 ignara'

237 2717 354 2773 'visundi
373 2720 485 2774 inuadit.
520 2721 608 2790 Atque
631 2717 696 2771 alibi
712 2716 809 2786 paffim.
840 2717 906 2771 Vul-

252 2820 305 2873 go:
324 2808 415 2872 ignota.

284 2889 314 2942 Ρ.
330 2889 590 2956 216.1v.4.·infest0,
612 2907 662 2958 quo
680 2889 842 2951 intenderat,
860 2902 907 2940 ne-

251 2975 343 3045 gotio]
388 2975 445 3027 Hoc
468 2977 559 3028 ordine
587 2975 669 3030 Cottii
694 2973 859 3027 membranae
879 2989 905 3046 q·

250 3077 334 3122 mnes,
362 3079 426 3130 quo,
448 3062 498 3118 int.
518 3062 589 3134 quod.
626 3061 667 3117 Al.
688 3058 781 3126 infeflo
800 3057 903 3126 negotio,
