2092 3814
235 577 295 646 438
356 579 598 634 VARIETAS
650 579 788 634 LECT-

238 702 366 771 copulam.
404 703 524 758 Ceterum
538 703 727 756 distinotionem
738 704 771 756 ad
780 719 902 758 commo·

237 789 335 842 (liorem
352 785 570 856 lensumaptauit.
607 788 659 841 Adi
679 789 734 841 eius
745 797 800 842 not.
822 789 902 844 eiac-

237 875 327 928 conius
336 890 437 942 quoque
448 874 528 927 MSS.
540 877 656 941 ignesque
670 877 698 926 in
715 873 802 938 cultris
819 861 901 942 quam

236 961 394 1013 creberrimos
399 961 462 1026 fieri
473 960 571 1014 habere
582 952 696 1014 testatur.
734 959 791 1024 Quo
812 960 900 1014 Cottii

238 1045 365 1100 distinctio
385 1043 561 1100 confirmatur.

271 1131 340 1184 Ibid.
351 1131 370 1183 Ι.
382 1143 424 1198 23.
445 1139 506 1185 ante
518 1129 678 1196 consedisse]
715 1131 755 1185 lta
764 1132 898 1186 Gruterus

238 1235 270 1270 ex
284 1217 339 1271 Pal.
350 1234 374 1270 2.
401 1216 482 1272 Cottii
500 1225 526 1272 et
538 1216 639 1271 Waffei
663 1233 751 1270 omnes
772 1227 829 1269 onte
847 1237 896 1270 eos.

237 1291 437 1371 Hauercampus
461 1321 475 1356 e
497 1303 566 1356 binis
588 1289 755 1356 Leidensrbus
778 1313 837 1355 ante
857 1320 898 1356 eos

230 1388 332 1454 sedere,
353 1407 366 1442 e
387 1389 503 1457 quinque
524 1389 598 1454 aliis,
626 1397 682 1440 onte
699 1396 736 1440 tos
749 1388 845 1450 consedi
863 1406 897 1454 e,

237 1474 315 1533 eitat3
335 1475 418 1540 Igitur
428 1471 664 1542 quinqirereliqui‚
686 1475 714 1527 in
726 1472 898 1542 quibttpti-

236 1575 294 1614 mus
307 1575 342 1624 n,
362 1575 422 1622 curn
433 1559 473 1610 ed.
488 1559 563 1612 Rom.
578 1573 654 1624 1470.
673 1576 815 1627 pronomen
825 1559 899 1612 abie-

236 1644 328 1697 cerint.
366 1643 443 1706 Quod
455 1643 502 1696 vix
514 1640 668 1709 probabile,
688 1659 748 1696 cnm
764 1651 803 1698 tot
810 1641 897 1700 Cottii

236 1725 338 1781 Wnlsei
357 1735 384 1782 et
400 1727 511 1780 aliorum
537 1728 667 1782 mordicus
686 1730 839 1784 retineant:
868 1739 899 1785 et

236 1813 413 1881 Hauercampi
432 1813 462 1866 in
478 1815 594 1867 notanda
602 1815 750 1880 varietate,
770 1831 850 1883 quam
868 1825 898 1869 et

237 1900 384 1967 transponit
400 1896 559 1967 laepfflimr,
580 1906 623 1964 et,
636 1897 682 1952 vbi
699 1916 740 1953 res
757 1902 785 1952 iu
795 1897 898 1970 syllaba

236 1987 364 2050 vertitur,
383 1985 475 2052 primis
492 1985 569 2038 modo
580 1984 666 2040 literis
684 1983 828 2053 fignificat,
849 2003 898 2040 ne·

236 2071 388 2140 gligentiam
402 2071 482 2124 talem
499 2066 710 2146 expertus'sum
728 2079 758 2126 vt
776 2071 833 2124 eius
850 2087 897 2125 au-

236 2156 354 2210 &oritate
372 2153 447 2209 vium
463 2155 520 2210 fe're
533 2157 627 2228 pigeat

124 2264 131 2276 1
235 2241 240 2252 '
271 2241 338 2296 lbid.
360 2241 380 2294 l.
392 2249 460 2296 extr.
491 2243 595 2295 credere
615 2241 752 2309 proditos]
788 2241 894 2312 Vulgo:

236 2326 367 2389 crederes:
374 2328 493 2394 proditos.
532 2327 584 2381 Sed
600 2343 743 2396 pronomen
752 2343 805 2380 non
814 2344 896 2396 agno-

236 2411 312 2467 ieunt
322 2409 470 2478 Remulos,
489 2410 578 2466 Guelf.
590 2428 612 2465 1.
639 2411 727 2465 Senot,
739 2429 764 2465 ο,
783 2411 876 2467 Heun

270 2498 299 2551 P.
314 2515 372 2565 219.
385 2498 403 2551 l.
418 2509 457 2558 18.
481 2498 523 2550 cui
540 2495 707 2565 speculanti]
727 2497 808 2552 eoru.
820 2515 897 2567 prae-

235 2583 391 2640 ter-Fabric.
405 2600 434 2636 2:
449 2585 492 2635 cui
502 2582 671 2652 vilelicetsp.
704 2583 789 2646 Quam
800 2600 897 2639 vocem

236 2668 354 2733 Cottius,
372 2665 457 2722 neseio
470 2684 504 2721 nn
520 2668 632 2735 merito,
651 2674 681 2722 vt
696 2667 728 2721 ab
739 2669 836 2737 ineptis
848 2673 898 2724 ad-

234 2751 318 2812 sutam
335 2753 442 2807 deleuit.
500 2795 503 2804 .

270 2838 336 2892 lbid.
348 2837 368 2891 l.
380 2855 422 2893 21.
441 2839 518 2894 illum
537 2839 605 2894 nihil
625 2840 711 2908 palum
729 2838 898 2910 ausurum‚]

234 2924 339 2993 Vulgo:
370 2925 467 2978 credere
481 2927 552 2978 illum
575 2933 624 2980 cet.
661 2924 777 2980 Verbum
793 2927 899 2982 credere

211 3011 216 3022 '
236 3005 345 3064 exclusit
362 3008 469 3078 Berger.

268 3094 298 3149 Ρ.
310 3094 398 3176 2:031.
411 3107 434 3162 3.
455 3089 516 3166 ¹quia
527 3097 558 3151 de
569 3095 707 3166 improuiso
718 3099 899 3168 acciderunt]
