2260 3800
335 546 717 600 IVGVRTHA·
816 543 853 608 85

162 683 175 726 ’.
204 668 240 724 ris
257 669 286 722 in
300 668 404 737 pertore
425 667 554 737 erescere,
573 686 657 741 neque
676 669 749 738 prius
764 666 854 736 sedari,
940 707 947 716 .

204 779 282 834 quam
300 764 383 819 virtus
408 781 497 819 rorum
520 765 617 820 famam
642 773 719 833 atque
747 764 856 834 gloriam

204 860 394 928 adaequauerit.
429 859 465 916 At
484 869 588 927 contra,
615 861 676 929 quir
687 859 723 914 est
739 861 856 915 omnium

204 954 246 1008 bis
263 954 396 1020 moribus,
418 955 481 1024 quin
496 956 593 1010 dirritiis
609 963 635 1008 et
652 952 787 1021 sumtibus,
801 971 856 1010 non

203 1048 332 1117 probitate
356 1063 442 1116 neque
470 1049 595 1102 industria
624 1065 683 1101 curn
716 1049 856 1105 maioribur

203 1141 255 1197 fuir
275 1141 441 1196 contendat?
466 1142 544 1195 etiam
565 1141 683 1195 homines
706 1144 788 1208 noui,
812 1145 857 1212 qui

204 1243 282 1291 antea
301 1252 349 1304 per
364 1236 489 1290 virtutem
512 1233 580 1290 soliti
604 1243 679 1291 erant
695 1227 866 1292 nobilitatrm'

205 1331 374 1395 anteuenire‚
396 1327 489 1384 furtim
503 1337 530 1386 et
545 1347 592 1400 per
611 1330 748 1387 latrocinia
771 1332 858 1400 potius
920 1381 924 1393 ,

205 1425 304 1495 [quam
321 1424 395 1480 bonis
413 1422 531 1492 astibus]
555 1427 588 1480 ad
604 1427 713 1494 imperia
732 1433 760 1482 rt
775 1423 857 1481 bono-

203 1537 246 1576 res
261 1521 389 1575 nituntur.
415 1521 525 1590 proinde
538 1517 609 1590 quasi
623 1529 744 1590 praetura
759 1529 786 1577 et
795 1537 857 1576 oon·

202 1614 317 1681 solatius,
344 1622 421 1685 atque
441 1615 492 1670 alia
507 1617 594 1670 omnia
613 1617 792 1672 huiuscemodi
810 1631 860 1686 per

202 1709 401 1780 scipiadum,
422 1707 561 1780 magnifica
579 1708 648 1773 fintr
676 1727 707 1766 no
727 1727 781 1766 non
798 1727 857 1780 per·

202 1807 265 1862 inde
279 1806 439 1872 habeantur,
465 1813 497 1862 vt
521 1821 626 1872 eorum,
651 1807 696 1876 qui
716 1804 856 1873 sustinent,

203 1901 287 1956 virtus
314 1899 357 1954 est.
412 1899 510 1955 Verum
533 1918 581 1970 ego
600 1899 708 1956 tiberius
728 1901 857 1972 altiusque

203 1991 326 2063 proceffi,
345 1994 406 2052 dun
417 2011 459 2049 me
472 1996 584 2052 ciuitatis
597 2013 702 2052 morum
718 1996 790 2068 piget
802 2004 857 2052 tar-

164 2159 167 2166 ·
204 2088 307 2158 detque.
342 2103 414 2140 nuno
429 2090 461 2142 ad
475 2090 609 2158 inceptum
621 2093 707 2146 redeo.

463 2182 536 2236 Car.
561 2184 594 2237 w

207 2317 211 2328 .
236 2278 342 2334 Bellum
356 2275 582 2348 scripturorum,
599 2279 668 2350 quod
686 2279 857 2348 populosam

98 2431 101 2439 ,
160 2439 166 2450 ,
204 2392 297 2431 manus
313 2392 373 2430 curn
387 2374 523 2445 Iugurtha,
541 2391 602 2446 rege
616 2375 788 2432 Numidarum
804 2373 859 2445 ges-

202 2468 253 2524 sit:
278 2471 391 2538 primum
404 2472 466 2541 quia
480 2469 602 2544 magnum
623 2480 650 2528 et
667 2480 756 2540 atrox,
774 2457 858 2528 va‘rin-

203 2579 255 2632 que
272 2565 468 2626 riuoriaduttr
501 2568 562 2621 dein
582 2568 643 2635 quia
661 2575 718 2622 tum
744 2569 858 2637 primum

160 2730 163 2739 A
203 2655 337 2726 superbiae
356 2657 500 2715 nobilitatis
510 2660 615 2715 obuiam
629 2662 696 2716 itum
715 2659 759 2714 ost.
791 2673 857 2728 quae

204 2753 337 2812 contentio
356 2753 446 2806 diuina
462 2761 490 2808 et
511 2755 625 2808 bumana
647 2753 739 2808 oundta
763 2752 858 2823 pirmi-

84 2884 86 2890 ν
203 2846 288 2913 scuit,
308 2865 390 2919 eoque
410 2849 546 2904 vecordiae
563 2847 696 2918 promisit,
713 2849 753 2904 vti
768 2848 857 2904 ibrdiir

205 2943 326 3000 ciuilibus
343 2944 443 3000 beilum
460 2949 537 3013 atque
554 2943 655 3000 vastitas
673 2944 765 3000 Italiae
775 2941 856 3000 finem

203 3037 311 3096 irroret
346 3036 422 3104 'Sed
437 3042 587 3113 priusquam
613 3041 792 3096 huiuscemodi
816 3041 854 3096 rei
879 3024 883 3032 ¹
948 3094 951 3098 .
