2224 3802
352 397 720 535 prrarrn'ro
831 418 894 504 η’

176 664 180 671 ⁸
217 588 356 660 ‚eotutius
371 589 435 662 iter,
452 599 586 666 tanquam
601 586 745 652 indicibu's
760 586 867 665 posrtie,
983 591 986 597 '

222 738 274 796 pet
310 719 397 798 syrtes
432 739 465 782 ac
501 718 679 798 scopulosum
712 738 790 781 mare
820 719 871 782 fie-

177 908 179 914 ,
222 859 274 912 ret.
316 851 373 912 Sed
392 852 488 926 eninr,
509 855 581 930 tluae
596 853 627 941 in
641 829 702 912 aliis
719 850 869 928 probando
916 819 919 838 ι

222 982 351 1044 maxime
368 993 453 1060 atque
467 981 615 1044 laudabilia
633 981 783 1056 sedulitas,
805 1000 871 1044 eam

131 1137 144 1166 ι
222 1112 311 1174 nostri
330 1113 451 1174 instituti
475 1113 547 1174 ratio
570 1132 625 1174 neo
650 1111 791 1188 postulare
813 1131 870 1175 neo

222 1241 297 1304 ferre
316 1243 435 1304 omnino
453 1242 510 1304 visa
538 1242 586 1306 est.
646 1241 735 1320 Igitur
759 1242 796 1306 ad
817 1242 872 1306 Ca·

222 1370 333 1436 tilinatn
362 1385 393 1436 et
417 1373 583 1454 Iugurtham
618 1371 750 1439 lectionis
780 1376 871 1436 varie·

223 1513 311 1566 tatem
326 1505 459 1568 dedimus
468 1506 583 1570 nonnisi
603 1504 698 1582 illam,
730 1475 802 1584 quae
819 1505 871 1568 ali.
903 1561 906 1568 .

223 1655 281 1713 quo
296 1635 346 1700 suo
369 1638 483 1700 interno
501 1640 594 1717 pretio
617 1658 651 1700 ao
669 1650 816 1700 momento
828 1638 872 1700 se·

222 1765 250 1829 se
262 1770 487 1832 commendaret.
531 1753 619 1847 Quod
635 1769 752 1848 quidem
772 1769 873 1846 ipsum

223 1899 398 1975 confilium,
425 1921 482 1979 quo
505 1903 615 1980 optime
640 1875 729 1964 niodo
752 1901 870 1980 perfica

223 2001 321 2104 retur,
342 2032 392 2092 diu
407 2032 510 2095 incerti
529 2053 563 2096 ac
583 2032 766 2107 haesitantes,
798 2034 871 2096 dum

222 2178 283 2222 rem
312 2161 342 2223 in
375 2181 476 2224 omnes
491 2175 597 2240 partes
629 2166 725 2225 animo
750 2161 870 2227 versare·

222 2311 307 2368 nnus,
329 2313 395 2358 eant
415 2295 531 2358 tandem
545 2295 701 2369 rationem,
723 2313 794 2372 quae
808 2313 871 2356 cae·

222 2425 291 2488 teris
317 2428 451 2491 omnibus
474 2425 642 2506 praestaret,
663 2426 794 2506 reperiii'e
818 2444 872 2486 no·

223 2554 268 2616 bis
292 2558 433 2622 videmur.
498 2613 500 2622 .

273 2687 316 2748 Ao
329 2688 455 2764 primurn
477 2691 594 2768 quidem
611 2689 708 2751 animo
731 2688 874 2758 arridebat

222 2816 271 2880 illa
284 2819 439 2896 cogitatio,
469 2822 528 2895 iti,
550 2821 870 2901 quamcunque-leina-

223 2970 291 3012 nem
318 2951 463 3016 immerito
490 2953 555 3016 sede
584 2953 694 3031 pulsam
722 2954 872 3026 a·Cortio

286 3139 309 3194 Ι
326 3091 327 3096 i
