2092 3814
268 579 327 632 An
381 576 690 629 IVGVRTHAM.
758 583 814 636 441

171 703 236 756 dunt
252 701 331 769 vulgo
343 699 577 775 epulentissimus,
596 699 664 767 quod
676 697 756 752 MSS.
766 715 819 751 non

170 785 318 855 agnoscunt.
345 821 347 828 ι
564 855 572 872 ¹

217 888 247 940 P.
258 905 315 941 222.
327 887 346 940 1.
360 899 383 952 3.
404 885 485 940 fuerit
501 886 566 938 mihi
581 881 698 952 eguisse]
716 886 818 954 Vulgo:

161 973 253 1039 fuerit
273 975 336 1024 mihi
352 974 469 1039 pretium.
507 963 557 1024 Sed
579 970 650 1023 Riuii
666 969 818 1024 vetustiores

169 1059 233 1114 item
251 1057 306 1109 Pal.
318 1069 342 1117 8.
371 1053 472 1110 Wassei
486 1048 583 1123 Regius
599 1054 694 1122 aliique
708 1053 820 1108 substan-

106 1193 110 1200 ,
168 1144 253 1196 tinum
271 1142 366 1195 tostius
380 1141 514 1196 omittunt.
549 1141 654 1204 Fuerit,
668 1136 763 1209 eguiffe,
782 1140 820 1194 di-

170 1227 239 1279 stum
256 1225 306 1294 'pro
316 1265 325 1292 ‚
336 1228 443 1292 fuerit,
462 1223 497 1277 'ot'
508 1226 626 1291 eguerim.

204 1327 233 1381 P.
247 1341 306 1393 223.
324 1326 343 1379 l.
355 1339 395 1392 13.
422 1327 479 1394 quis
498 1333 524 1380 et
536 1325 663 1393 Iugurtha
681 1341 774 1390 carus,
794 1334 821 1381 et

158 1413 280 1466 ¹Romani
297 1411 373 1466 inuili
394 1412 489 1477 erano]
527 1411 570 1464 Sic
589 1410 695 1478 plurimi
717 1411 820 1478 optimi-

170 1499 305 1566 quecodd.
325 1497 368 1551 Al.
386 1493 464 1567 efflat.
502 1497 578 1551 Nihil
587 1497 750 1550 mutandum.
776 1497 820 1551 sio

169 1581 247 1650 supra
261 1583 398 1636 C.Lxl11.
415 1584 535 1651 proinde,
563 1600 624 1651 quoe
645 1583 727 1633 onium
740 1586 821 1650 agita-

169 1670 228 1734 bat,
238 1671 328 1735 fretus
346 1669 383 1722 dis
403 1679 493 1737 ageret.

203 1765 356 1834 lbid.l.14.'
370 1770 465 1823 leniter
484 1777 557 1824 etex
572 1770 708 1823 voluntate
718 1769 818 1836 Sullae]

167 1855 213 1908 sic
229 1854 390 1917 Fabriciani,
416 1855 503 1912 Sonat.
518 1870 542 1907 1.
561 1853 650 1906 Vinar.
666 1870 689 1907 1.
711 1854 817 1912 Vratisl.
894 1894 898 1901 ,

170 1957 194 1993 2.
208 1953 233 2005 3.
259 1939 339 1992 Acad.
359 1938 446 1992 Struv.
464 1937 578 2002 Incerti,
596 1937 705 1990 Eccard.
730 1937 818 1992 Guelf.

169 2040 194 2090 4.
211 2040 235 2090 9.
260 2040 300 2088 io.
318 2038 357 2076 11.
386 2023 491 2091 aliique.
536 2023 638 2092 Vulgo:
667 2024 760 2076 lenitur
786 2033 818 2077 et.

168 2109 212 2162 Al.
236 2108 354 2176 copulam
377 2109 510 2163 omittunt.
548 2108 649 2162 eortius
663 2109 752 2161 leniter
772 2125 820 2176 pro

168 2196 263 2264 placide
284 2196 359 2260 capit.
408 2193 459 2248 Sed
481 2194 526 2262 qui
543 2193 646 2261 potest,
673 2210 731 2246 cum
754 2193 821 2248 Boc-

170 2279 336 2358 chussprjmo
356 2281 484 2346 aegilam,
511 2296 559 2332 neo
583 2275 631 2331 nili
648 2278 760 2333 multum
770 2278 821 2345 fo.-
865 2333 870 2344 ,

169 2368 279 2432 ligatus,
298 2380 327 2418 ac
342 2365 450 2432 proinde
464 2365 508 2418 diu
527 2366 613 2417 animo
629 2364 743 2418 aestuans
762 2349 820 2420 tao-

170 2451 228 2504 dem
247 2449 291 2502 vel
307 2449 425 2517 ingratiis
443 2450 532 2503 cedere
549 2451 674 2518 cogitur?
699 2426 819 2518 Denique

66 2564 68 2574 ν
168 2537 256 2587 leniter
267 2533 365 2602 legenti
385 2535 478 2602 copula
499 2536 604 2589 omnino
627 2534 737 2588 delenda
755 2543 818 2590 erat.

62 2647 71 2666 ·
170 2619 238 2684 Sed,
258 2620 351 2683 credo,
370 2619 476 2686 vulgata
492 2622 589 2686 optime
610 2619 697 2680 habet.

204 2721 233 2774 P.
254 2735 313 2784 224.
334 2719 352 2770 l.
366 2723 391 2773 6.
419 2719 540 2774 Ceterum
555 2719 595 2786 fi]
630 2719 731 2787 Vulgo:
755 2721 821 2772 Cete-

168 2824 225 2860 rum
244 2806 371 2870 Bocchus,
383 2803 419 2872 st.
450 2803 531 2876 ι,Ωιιοιὶ
544 2823 640 2860 nomen
654 2804 722 2860 deest
730 2805 818 2860 Guelf.

171 2908 194 2944 1.
214 2897 240 2944 et
259 2906 299 2942 12.
319 2907 324 2915 ·
657 2893 665 2904 ‘

202 2989 270 3044 lbid.
288 2989 307 3043 1.
323 3007 363 3046 10.
386 2991 415 3043 in
434 2989 584 3062 potestatem
601 2989 746 3058 haberet,]
777 2955 820 3045 Sic

170 3076 256 3151 Aeac„
268 3075 360 3132 Frano.
386 3075 473 3135 Guelf.
491 3093 516 3144 4.
537 3085 563 3132 et
581 3095 620 3132 11.
648 3088 758 3146 eumque
780 3093 819 3160 ap-
