2212 3790
231 525 276 580 1u
301 527 346 580 u.
372 491 747 584 cunctaremur.
778 534 836 594 341

181 663 306 720 &oberei
341 667 433 720 Cedent
448 685 519 720 orma
537 677 625 735 togae,
650 670 764 723 concedet
781 671 838 722 lou·

178 795 222 830 eea
239 778 348 845 lingitur.
398 777 475 845 Quali
493 797 557 834 vero
581 788 701 850 tegetes,
730 789 756 835 et
780 797 835 835 non

179 897 309 955 armatus,
333 906 387 956 ca,
416 907 482 960 quae
505 893 646 962 gloriaris,
673 891 836 958 confeceris,

179 1009 256 1071 atque
267 1002 337 1056 inici
350 1009 392 1068 te,
410 1001 565 1072 Syllamque
576 981 743 1070 distntorem,
762 1021 836 1074 pree*¹
876 1073 878 1076 Ι

179 1120 220 1168 ter
235 1128 332 1170 nomen
358 1113 481 1181 inperii,
508 1116 648 1183 quidquam
676 1113 833 1170 interfuerit.

160 1221 232 1282 ,Sed
249 1223 312 1292 quid
332 1239 378 1293 ego
395 1224 472 1293 plura
490 1227 522 1281 de
539 1233 586 1281 tua
605 1223 743 1281 insolentia
767 1243 837 1280 coma

178 1336 353 1390 memorem?
391 1353 468 1405 quem
493 1336 619 1393 Minerua
647 1355 737 1392 omnes
767 1347 834 1410 eries

178 1447 304 1513 edocuit,
323 1447 424 1516 Iupiter
440 1457 562 1518 optumus
578 1466 714 1505 maxumus
733 1451 762 1503 in
773 1465 835 1503 eon-

179 1557 241 1614 eilio
266 1559 374 1620 deorum
399 1558 523 1628 admifit,
551 1560 629 1616 ltalia
652 1557 767 1615 exsulem
785 1561 834 1616 hu·

177 1671 255 1724 merie
273 1669 324 1726 iuis
342 1673 493 1740 reportarit.
531 1673 585 1728 Oro
600 1681 647 1739 te,
665 1671 777 1727 Romule
785 1673 833 1726 ilr-
916 1695 918 1702 ¹

177 1781 270 1850 pines,
288 1784 335 1851 qui
354 1785 456 1853 egregia
473 1791 520 1838 tua
538 1785 636 1839 metere
654 1803 745 1842 omnes
756 1787 833 1862 Paul

176 1892 237 1958 los,
258 1891 372 1958 Fabios,
400 1894 557 1966 Scipiones,
581 1893 726 1964 superasti,
754 1905 831 1967 quem

177 2003 284 2056 tandem
314 2002 401 2058 locum
427 2005 456 2058 in
484 2005 533 2057 hac
560 2005 668 2061 ciuitate
700 2008 832 2072 obtines?

178 2128 244 2182 quae
261 2112 311 2167 tibi
328 2121 414 2183 parter
431 2115 494 2184 reip.
513 2115 645 2184 placent?
672 2135 751 2188 quern
769 2123 833 2176 arni·

178 2241 255 2292 eum,
279 2241 356 2294 quern
380 2226 515 2280 inimicum
541 2225 645 2285 habes?
676 2230 719 2284 eui
742 2232 771 2284 in
797 2233 833 2286 ci·

176 2337 258 2393 nitate
276 2336 359 2395 fecisti
377 2335 499 2404 infidias,
518 2339 669 2396 ancillaris:
698 2339 778 2412 (Quo
793 2344 833 2398 iu-

176 2463 223 2515 re,
251 2465 311 2504 cum
333 2451 365 2505 de
391 2449 480 2506 exsilio
497 2459 543 2508 tuo
562 2451 707 2523 Dyrrachio
725 2454 830 2522 redisti,

177 2575 237 2612 eum
254 2557 400 2627 sequebaris
413 2559 453 2629 ?)
488 2579 551 2632 quos
575 2573 700 2635 tyrannos
719 2568 833 2635 appella·

179 2668 244 2734 bar,
265 2685 354 2722 eorum
371 2673 503 2738 potentiae
522 2673 614 2730 flues:
642 2677 688 2746 qui
705 2678 755 2732 tibi
771 2688 832 2735 ente
922 2745 925 2760 Ι

176 2780 312 2848 optimates
329 2780 502 2850 videbantur,
528 2787 632 2840 eosdem
650 2787 791 2845 dementes*
802 2807 831 2846 ac

174 2889 283 2946 furiosos
306 2908 393 2947 vocas.
446 2895 546 2951 Vatinii
574 2894 674 2952 causam
692 2901 768 2969 agis:
799 2903 831 2955 de

177 3003 265 3060 Sextio
290 3002 359 3059 male
384 3005 538 3063 existumas:
567 3009 694 3066 Bibulum
711 3011 831 3083 petulen-
