2212 3790
242 519 302 581 282
375 521 764 576 sALLvsTII

240 653 351 700 mortem
385 645 490 714 quiden
525 642 657 698 honestum
687 641 790 712 sperare
820 644 892 698 licet.

240 741 329 806 Nam,
347 737 507 809 fiparricidu
520 738 598 794 vestri
613 737 670 792 sunt
687 746 714 793 et
733 738 774 794 bic
790 740 894 808 genitur

240 836 287 894 hic
296 837 357 890 decc
369 835 477 890 Penatis
489 851 581 900 meos,
597 835 771 904 patriamque,
789 842 816 890 et
827 831 894 888 surn-

239 947 313 986 ruunr
329 931 467 998 imperium
490 930 555 986 vilia
570 929 671 984 habeo:
699 931 757 999 quis
771 930 837 984 milii
853 931 894 983 vi·

240 1032 276 1081 uc
291 1027 419 1081 cruciatus
438 1022 498 1080 lutis
511 1025 566 1092 eli,
585 1033 630 1080 rut
642 1041 708 1095 quae
726 1041 811 1094 pceua
826 1040 894 1078 mor-

241 1122 311 1176 tuui
344 1137 404 1174 cunr
426 1122 515 1174 omnia
538 1129 681 1176 memoratu
705 1122 774 1190 apud
794 1119 893 1174 inferne

240 1213 367 1287 supplicia
381 1208 550 1272 scelere'neo
566 1216 629 1270 vici.
665 1216 689 1271 A
706 1217 791 1286 prima
807 1216 895 1270 adule-

240 1311 338 1392 [ceutiu
353 1313 383 1366 in
398 1328 442 1366 cre
457 1311 542 1366 veltro
556 1313 691 1380 priuatus,
720 1320 748 1367 et
767 1314 796 1367 in
813 1312 896 1381 uragi-

239 1399 360 1463 ilratilcus
378 1409 436 1476 egi:
462 1407 624 1478 quilingua,
642 1409 687 1477 qui
698 1405 806 1479 ccnlilic
820 1425 894 1474 mec,

241 1504 286 1573 qui
306 1504 419 1570 pecunia
433 1501 557 1569 voluere,
575 1499 614 1558 vfi
634 1501 712 1559 lunt:
742 1520 827 1573 neque
847 1519 895 1574 ego

241 1598 363 1652 callidam
383 1595 557 1664 facundiam,
586 1615 671 1669 neque
698 1600 835 1668 ingenium
861 1599 895 1652 ud

240 1690 479 1758 malefaciendum,
498 1696 624 1748 exercui:
656 1691 822 1775 auidillunucs
840 1693 896 1762 pri·

240 1794 317 1842 uatue
342 1787 439 1858 gratia
457 1800 591 1844 mammen
611 1789 764 1846 inimicitias
788 1803 836 1856 prc
853 1804 894 1842 re-

240 1883 347 1952 publica
364 1879 479 1952 suscepi:
509 1885 554 1954 qui
572 1886 658 1942 vitius
675 1903 734 1942 cum
750 1881 894 1950 illasrncl,

241 1995 302 2034 curn
319 1979 516 2056 egenc,.=3.lienae
534 1981 609 2050 opis,
629 1983 707 2052 plura
723 1981 792 2036 melu
808 1978 895 2048 enipe-

241 2073 357 2136 iterem
375 2063 440 2140 vce,
453 2074 585 2145 Quirites,
603 2077 689 2134 rursus
698 2079 765 2133 milri
776 2077 895 2148 patrium,

241 2169 303 2224 decc
315 2169 436 2237 Penatis,
456 2187 516 2226 cum
527 2173 631 2242 ingenti
640 2175 766 2245 dignitate
783 2171 894 2228 dedistis.

240 2264 291 2321 Ptc
315 2251 409 2335 quibus
435 2265 569 2323 beneficiis
594 2270 642 2323 vix
666 2267 726 2323 lutis
746 2275 834 2337 gratus
856 2266 896 2320 vi-

241 2361 318 2429 dear,
346 2360 366 2416 fi
386 2360 496 2434 lingulis
515 2365 648 2429 maur,
675 2378 752 2432 quum
772 2377 895 2430 nequeo,

130 2475 134 2482 ·
242 2455 418 2516 ccncelieciuu.
452 2459 523 2514 Num
539 2460 595 2514 vira
611 2465 639 2512 et
658 2473 727 2512 mcrc
743 2458 802 2511 iura
819 2463 896 2511 natu·

241 2567 286 2608 rae
301 2549 381 2608 suut:
406 2555 447 2610 vti
466 2553 522 2611 line
541 2556 666 2610 dedecore
691 2540 752 2609 curn
772 2545 895 2618 uiuidus,
914 2585 920 2598 ι

240 2644 313 2702 nna
329 2656 356 2704 et
372 2647 485 2706 fortunis
502 2652 606 2721 integer
623 2667 698 2722 ugus,
715 2650 743 2705 id
765 2651 834 2706 dcnc
853 2651 897 2703 da-

240 2749 285 2798 tur
302 2750 381 2814 utque
401 2746 536 2815 accipitur.
573 2746 763 2802 Ccnllclesucc
779 2745 895 2811 fecistis,

240 2837 388 2906 Quirinus
400 2841 470 2895 domi
488 2841 604 2911 bellique
620 2839 821 2912 impeditissuma
840 2855 895 2906 rep.

240 2913 361 3004 licuitne
376 2933 548 3004 Imperatores
560 2935 705 3006 Hispaniae
723 2935 895 3004 stipendium,

241 3027 354 3097 nrilitec,
373 3045 463 3096 annuc,
480 3023 798 3104 frunenucnc'pclcuntr
824 3037 856 3086 et·
868 3029 897 3084 id
