2226 3784
318 532 709 586 cucurrere.
788 538 842 600 171

316 712 318 718 ,
403 653 475 710 Cae.
512 653 632 709 Lxxr.

227 753 278 832 Sed
297 751 420 807 cumbae
435 751 540 808 litterae
557 751 675 815 adlatae,
693 749 760 806 forte
773 751 846 808 Nab-

194 847 282 914 dalsa,
301 848 416 903 exercito
427 861 533 916 corpore
543 844 639 910 fellus,
658 845 763 900 inletlo
773 851 847 918 quie.
901 853 907 862 ·

191 943 287 1000 scebat
332 942 395 1009 vbi,
422 943 531 1012 cognitis
555 940 708 996 Bomilcaris
732 943 846 1011 verbis,
956 983 958 992 .

191 1041 276 1109 primo
295 1055 376 1104 cura,
405 1038 516 1102 deinde,
543 1038 582 1092 vti
604 1053 710 1105 aegrum
729 1040 846 1094 animum

192 1133 274 1199 solet,
293 1131 396 1187 somnus
414 1133 490 1200 cepit.
525 1131 590 1187 Erat
606 1133 630 1187 ei
653 1131 767 1188 Numida
789 1135 847 1204 qni.

194 1232 254 1284 dam
270 1229 432 1297 negotiorum
448 1235 565 1294 curator,
583 1225 651 1282 fidus
665 1237 846 1298 acceptusque,

195 1321 539 1390 etomniumconsrliorum,
558 1320 605 1376 ulfi
612 1322 769 1390 nouillumi,
787 1342 847 1394 par·

193 1419 285 1488 ticeps.
332 1419 384 1484 Qui
402 1417 535 1488 postquam
559 1418 658 1474 adlatae
682 1419 782 1475 litteras
801 1437 846 1476 au-

194 1515 278 1581 diuit,
297 1531 330 1569 ex
347 1513 533 1572 consuetudine
547 1522 618 1570 rauce
631 1530 709 1592 opem
718 1522 762 1570 aut
774 1517 847 1585 inge·

193 1613 237 1664 nio
252 1608 297 1666 suo
316 1627 380 1682 opus
401 1609 470 1678 eise,
489 1612 518 1665 in
538 1609 736 1668 tabernaculum
755 1611 847 1666 introi-

191 1709 249 1761 uit:
268 1709 411 1764 dormiente
432 1707 481 1761 illo
500 1705 649 1775 epistolam,
674 1702 748 1774 super
769 1713 847 1776 caput

192 1803 220 1856 in
236 1803 346 1871 puluino
362 1812 459 1859 temere
473 1801 598 1871 politam,
619 1799 697 1856 sumit
720 1817 750 1855 ae
763 1802 847 1870 perle-

193 1899 239 1966 git.
277 1900 337 1952 dein
354 1914 480 1968 propere,
499 1897 610 1966 cognitis
624 1893 743 1962 midila,
762 1896 794 1951 ad
806 1913 847 1952 re-

193 2009 253 2061 gem
272 1995 365 2061 pergit.
401 1989 547 2058 Nabdalsa,
566 1991 621 2061 poll
633 1981 734 2061 xpaullo
757 2009 848 2063 exper-

192 2087 295 2154 rettus‚
312 2087 359 2142 vbi
374 2103 459 2156 neque
479 2083 610 2156 epistolam
622 2087 734 2157 reperit,
754 2097 847 2144 errem

193 2199 314 2250 omnem,
331 2183 371 2237 uti
385 2181 460 2247 atta,
479 2181 615 2250 cognouit:
633 2183 716 2250 primo
733 2185 847 2238 indicem

192 2276 310 2348 persequi
329 2286 452 2339 conatusa
470 2275 603 2347 postquam
621 2277 649 2356 id
668 2275 761 2360 frustra
777 2275 846 2343 fuit,

192 2374 347 2444 lugrutham
374 2375 495 2444 placandi
522 2375 605 2444 gratia
632 2375 755 2438 accedit,
784 2389 847 2440 quoe

195 2469 245 2536 lpse
250 2466 402 2540 parauijset,
418 2473 525 2540 perfidia
535 2474 632 2526 clientis
636 2471 683 2534 sui
694 2476 847 2538 praedentur

193 2561 340 2614 lacrumans
354 2563 495 2620 obtestatur
510 2581 556 2634 per
576 2568 736 2628 amicitiam,
754 2577 848 2630 perque

186 2655 238 2720 suo
254 2649 331 2708 anteo
338 2657 451 2722 fideliter
469 2658 544 2725 otto,
562 2679 592 2714 ne
600 2660 679 2726 super
693 2657 741 2710 toll
754 2655 848 2719 scelere

187 2749 333 2822 suspedlum
342 2749 396 2814 sese
419 2753 525 2806 haberet.

394 2846 467 2902 Cae.
503 2845 647 2900 LXXII.

229 2944 270 2998 Ad
289 2959 319 2998 ea
336 2957 384 2998 rex
400 2943 492 3009 aliter,
523 2951 601 3012 atque
619 2943 705 3028 animo
723 2941 847 3012 gerebat,

194 3027 296 3112 placide
313 3037 451 3108 respoudit.
488 3040 635 3098 Bomilcare
653 3039 761 3111 aliisque
780 3039 848 3096 mul·
