2204 3810
214 641 218 648 ,
308 587 365 639 an
418 579 733 638 rvcvncnnn.
800 585 859 648 rm

615 674 623 693 .

209 707 332 762 Wnll'eus
350 725 380 762 ae
396 707 452 776 post
472 724 531 763 enm
548 705 761 773 Hauercampus‚
777 706 878 760 mani-¹

208 793 316 858 festum,
335 795 375 847 vti
389 801 465 861 putat
475 793 593 857 Cottius,
611 791 640 844 in
657 793 697 844 ed.
707 791 861 845 Gruteriana
954 801 960 815 ·

210 887 333 948 typorum
351 877 450 946 lapsum
464 880 641 946 exprimentes
654 879 801 942 dederunt,
820 895 862 929 cc-

211 961 329 1034 cefferr'nt.
367 964 410 1016 nl.
426 961 577 1033 aecefferont.
597 963 631 1015 al.
643 963 727 1016 aliter.
749 963 799 1015 Sed
809 961 861 1015 Fa-

208 1049 274 1102 bric.
286 1065 309 1102 1.
335 1049 422 1102 Sonat.
433 1065 457 1102 ι.
475 1047 582 1116 Berger.
606 1047 694 1100 Struv.
717 1047 823 1101 Vratisl.
835 1063 859 1100 2.

202 1132 298 1188 'Guelfi
318 1149 341 1187 1.
360 1146 384 1204 3.
398 1137 423 1187 6.
440 1151 520 1202 9.10.
541 1151 582 1188 11.
605 1149 645 1186 12.
664 1132 764 1185 Veneta
779 1146 859 1202 3470.

208 1226 343 1286 praeterea
353 1216 619 1286 quinqueLeidenles,
628 1217 776 1269 occiderant.
788 1217 862 1270 Idem

208 1307 237 1357 in
253 1321 307 1357 vno
321 1301 432 1358 Wallei.
470 1304 526 1372 θῇ.
540 1300 636 1357 confit.
655 1303 686 1354 ad
701 1318 727 1369 p.
740 1316 798 1370 195.
814 1318 861 1371 quo

209 1388 355 1456 improuisus
366 1391 471 1456 grauius
487 1389 618 1440 occideret.

242 1473 394 1540 Ibid.l.13.
411 1481 484 1542 pater
502 1471 557 1527 eius
574 1490 607 1526 ex
628 1465 773 1526 concubina
788 1480 860 1542 ortus

137 1617 140 1620 ,
208 1559 300 1626 eratr]
318 1559 420 1627 Vulgo:
440 1577 496 1610 nam
509 1568 581 1631 poter
595 1566 643 1612 cet.
676 1558 861 1622 Quamvocem

208 1643 296 1700 Senat.
306 1661 330 1699 2.
342 1653 367 1699 et
374 1642 462 1698 Heuff.
471 1645 590 1698 reticent.
619 1643 687 1696 Dein
699 1643 775 1698 multi
785 1633 859 1697 codd.

206 1740 286 1784 mater
305 1740 407 1782 -orto
425 1739 487 1782 erat.
525 1729 600 1792 Quod
623 1726 658 1781 fic
679 1737 829 1796 corruptum
846 1745 861 1782 a

207 1814 339 1879 librariis,
366 1814 410 1882 qui
430 1816 598 1880 ignorarent,
625 1820 719 1865 matres
739 1814 802 1866 licet
827 1829 860 1865 ex

208 1898 360 1953 concubinis
383 1905 472 1963 ortas,
501 1897 602 1953 nullam
627 1895 860 1951 dissimilitudinem
957 1935 961 1948 .

207 1985 311 2054 generis
328 1981 434 2036 inferre.

242 2068 309 2124 Ibid.
322 2068 341 2122 l.
355 2078 398 2121 20:
416 2067 571 2136 diligeretr]
590 2067 679 2122 Vinor.
693 2067 796 2122 Fabric.
808 2068 860 2136 pri·

206 2153 260 2218 mi,
280 2151 366 2206 Guelf.
379 2165 403 2218 3.
416 2160 442 2206 et
452 2171 476 2220 9.
492 2153 617 2220 detegeret.
654 2143 762 2208 Eccard.
774 2161 800 2208 et
809 2153 861 2208 Ve-

207 2247 260 2293 net.
276 2253 351 2306 1470.
367 2239 488 2306 diligeret.
526 2237 568 2291 Ex
586 2254 637 2306 quo
652 2240 775 2307 dilegeret
797 2239 860 2292 Cor-

206 2325 278 2390 tius,
298 2325 367 2393 quod
377 2325 413 2379 ita
425 2323 584 2380 vetustiffimi
594 2325 667 2378 codd.
685 2325 734 2378 hoc
747 2324 859 2383 verbum

207 2410 342 2465 exhibent.
423 2463 424 2468 ,
650 2411 656 2424 ’

230 2496 308 2549 »Ibin
321 2495 340 2549 l.
352 2513 393 2550 rr.
413 2512 514 2565 quotes
527 2496 671 2552 communis
681 2495 804 2548 licentius
815 2512 861 2564 ge-

205 2583 345 2648 reretur3]
381 2582 461 2636 MSS.
479 2582 592 2650 aliquot:
613 2583 722 2634 accitum
741 2575 792 2652 effe,
813 2597 860 2648 quo

208 2674 258 2720 cet.
280 2667 381 2721 Cottius
393 2668 574 2735 praecedentia
588 2667 712 2734 capienda
722 2665 859 2729 existimat,

207 2749 276 2820 quafi
300 2751 423 2818 scriptum
443 2749 522 2804 effet:
540 2769 587 2804 neu
601 2755 708 2818 legatum
721 2751 860 2818 Iugurthae

191 2857 193 2862 ·
204 2835 408 2907 pertimesceret:
428 2854 484 2888 eum
497 2839 534 2888 ito
543 2836 689 2904 coutumstt,
704 2853 750 2904 quo
759 2831 797 2887 'res
808 2840 858 2888 cete

208 2923 283 2985 Quod
302 2929 389 2976 tamen
416 2921 552 2991 aliquanto
567 2923 664 2976 durius.
712 2920 859 2974 Grononiue

207 3025 254 3076 quo
269 3009 297 3060 in
306 3009 366 3075 puin
382 3009 535 3062 mutandum
553 3005 649 3062 suadet.
685 3007 751 3062 Fere
764 3004 808 3069 est,
819 3011 858 3070 sn,

206 3092 239 3150 ob
248 3093 354 3146 nimiam
366 3092 453 3148 lucem
460 3092 646 3164 interpretibus
654 3092 773 3150 tenebras
784 3093 859 3178 obor-
