<?xml version="1.0" encoding="UTF-8"?>
<!DOCTYPE html PUBLIC "-//W3C//DTD XHTML 1.0 Transitional//EN"
    "http://www.w3.org/TR/xhtml1/DTD/xhtml1-transitional.dtd">
<html xmlns="http://www.w3.org/1999/xhtml" xml:lang="en" lang="en">
 <head>
  <title>
</title>
<meta http-equiv="Content-Type" content="text/html;charset=utf-8" />
  <meta name='ocr-system' content='tesseract 3.04.00' />
  <meta name='ocr-capabilities' content='ocr_page ocr_carea ocr_par ocr_line ocrx_word'/>
</head>
<body>
  <div class='ocr_page' id='page_1' title='image "./caiicrispisallv00sallgoog_0383.png"; bbox 0 0 2212 3790; ppageno 0'>
   <div class='ocr_carea' id='block_1_1' title="bbox 185 461 190 490">
    <p class='ocr_par' dir='ltr' id='par_1_1' title="bbox 185 461 190 490">
     <span class='ocr_line' id='line_1_1' title="bbox 185 461 190 490; baseline 0 0"><span class='ocrx_word' id='word_1_1' title='bbox 185 461 190 490; x_wconf 90' lang='lat' dir='ltr'>l</span> 
     </span>
    </p>
   </div>
   <div class='ocr_carea' id='block_1_2' title="bbox 280 495 828 583">
    <p class='ocr_par' dir='ltr' id='par_1_2' title="bbox 280 495 828 583">
     <span class='ocr_line' id='line_1_2' title="bbox 280 495 828 583; baseline 0.004 -17"><span class='ocrx_word' id='word_1_2' title='bbox 280 508 338 583; x_wconf 75' lang='lat'>356</span> <span class='ocrx_word' id='word_1_3' title='bbox 382 514 555 570; x_wconf 67' lang='lat' dir='ltr'>nicecii.</span> <span class='ocrx_word' id='word_1_4' title='bbox 578 514 623 568; x_wconf 77' lang='lat' dir='ltr'><strong>m</strong></span> <span class='ocrx_word' id='word_1_5' title='bbox 650 495 828 568; x_wconf 59' lang='lat' dir='ltr'>siitvscss</span> 
     </span>
    </p>
   </div>
   <div class='ocr_carea' id='block_1_3' title="bbox 276 634 930 1086">
    <p class='ocr_par' dir='ltr' id='par_1_3' title="bbox 276 634 930 1086">
     <span class='ocr_line' id='line_1_3' title="bbox 276 634 930 710; baseline -0.006 -16"><span class='ocrx_word' id='word_1_6' title='bbox 276 637 321 710; x_wconf 81' lang='lat' dir='ltr'>ipe</span> <span class='ocrx_word' id='word_1_7' title='bbox 333 639 453 705; x_wconf 77' lang='lat' dir='ltr'>Sallusti,</span> <span class='ocrx_word' id='word_1_8' title='bbox 470 639 597 694; x_wconf 78' lang='lat' dir='ltr'>tantidem</span> <span class='ocrx_word' id='word_1_9' title='bbox 616 645 691 706; x_wconf 82' lang='lat' dir='ltr'>putas</span> <span class='ocrx_word' id='word_1_10' title='bbox 707 634 756 692; x_wconf 82' lang='lat' dir='ltr'>eise</span> <span class='ocrx_word' id='word_1_11' title='bbox 777 638 816 692; x_wconf 83' lang='lat' dir='ltr'>bie</span> <span class='ocrx_word' id='word_1_12' title='bbox 828 635 930 692; x_wconf 80' lang='lat' dir='ltr'>senato·</span> 
     </span>
     <span class='ocr_line' id='line_1_4' title="bbox 277 731 930 804; baseline -0.009 -14"><span class='ocrx_word' id='word_1_13' title='bbox 277 751 341 802; x_wconf 74' lang='lat' dir='ltr'>rem,</span> <span class='ocrx_word' id='word_1_14' title='bbox 362 742 389 790; x_wconf 88' lang='lat' dir='ltr'>et</span> <span class='ocrx_word' id='word_1_15' title='bbox 402 734 442 789; x_wconf 79' lang='lat' dir='ltr'>bis</span> <span class='ocrx_word' id='word_1_16' title='bbox 455 732 613 804; x_wconf 83' lang='lat' dir='ltr'>quaestorem</span> <span class='ocrx_word' id='word_1_17' title='bbox 620 732 679 787; x_wconf 84' lang='lat' dir='ltr'>fieri</span> <span class='ocrx_word' id='word_1_18' title='bbox 690 770 699 797; x_wconf 91' lang='lat'>,</span> <span class='ocrx_word' id='word_1_19' title='bbox 716 732 807 803; x_wconf 81' lang='lat' dir='ltr'>quanti</span> <span class='ocrx_word' id='word_1_20' title='bbox 818 731 857 786; x_wconf 83' lang='lat' dir='ltr'>bis</span> <span class='ocrx_word' id='word_1_21' title='bbox 866 748 930 786; x_wconf 87' lang='lat' dir='ltr'>con-</span> 
     </span>
     <span class='ocr_line' id='line_1_5' title="bbox 277 825 930 896; baseline -0.006 -12"><span class='ocrx_word' id='word_1_22' title='bbox 277 829 404 896; x_wconf 78' lang='lat' dir='ltr'>sularem,</span> <span class='ocrx_word' id='word_1_23' title='bbox 423 837 450 885; x_wconf 84' lang='lat' dir='ltr'>et</span> <span class='ocrx_word' id='word_1_24' title='bbox 461 825 501 882; x_wconf 76' lang='lat' dir='ltr'>bic</span> <span class='ocrx_word' id='word_1_25' title='bbox 514 825 723 895; x_wconf 79' lang='lat' dir='ltr'><strong>triumphalem?</strong></span> <span class='ocrx_word' id='word_1_26' title='bbox 741 827 834 880; x_wconf 79' lang='lat' dir='ltr'>Carere</span> <span class='ocrx_word' id='word_1_27' title='bbox 849 826 930 881; x_wconf 85' lang='lat' dir='ltr'>debet</span> 
     </span>
     <span class='ocr_line' id='line_1_6' title="bbox 278 921 928 992; baseline -0.008 -12"><span class='ocrx_word' id='word_1_28' title='bbox 278 927 350 980; x_wconf 84' lang='lat' dir='ltr'>omni</span> <span class='ocrx_word' id='word_1_29' title='bbox 359 925 436 990; x_wconf 85' lang='lat' dir='ltr'>vitio,</span> <span class='ocrx_word' id='word_1_30' title='bbox 453 925 498 992; x_wconf 85' lang='lat' dir='ltr'>qul</span> <span class='ocrx_word' id='word_1_31' title='bbox 510 925 539 977; x_wconf 89' lang='lat' dir='ltr'>in</span> <span class='ocrx_word' id='word_1_32' title='bbox 548 921 660 976; x_wconf 82' lang='lat' dir='ltr'>alterum</span> <span class='ocrx_word' id='word_1_33' title='bbox 669 929 772 990; x_wconf 77' lang='lat' dir='ltr'>paratus</span> <span class='ocrx_word' id='word_1_34' title='bbox 789 921 824 976; x_wconf 84' lang='lat' dir='ltr'>est</span> <span class='ocrx_word' id='word_1_35' title='bbox 832 923 928 976; x_wconf 71' lang='lat' dir='ltr'>dicere.v</span> 
     </span>
     <span class='ocr_line' id='line_1_7' title="bbox 278 1016 929 1086; baseline -0.008 -12"><span class='ocrx_word' id='word_1_36' title='bbox 278 1019 306 1074; x_wconf 83' lang='lat' dir='ltr'>Ic</span> <span class='ocrx_word' id='word_1_37' title='bbox 319 1020 423 1074; x_wconf 80' lang='lat' dir='ltr'>demum</span> <span class='ocrx_word' id='word_1_38' title='bbox 437 1019 590 1083; x_wconf 78' lang='lat' dir='ltr'>maledicit,</span> <span class='ocrx_word' id='word_1_39' title='bbox 608 1017 654 1086; x_wconf 85' lang='lat' dir='ltr'>qui</span> <span class='ocrx_word' id='word_1_40' title='bbox 667 1034 721 1070; x_wconf 85' lang='lat' dir='ltr'>non</span> <span class='ocrx_word' id='word_1_41' title='bbox 741 1016 823 1086; x_wconf 82' lang='lat' dir='ltr'>petest</span> <span class='ocrx_word' id='word_1_42' title='bbox 836 1032 929 1071; x_wconf 81' lang='lat' dir='ltr'>verum</span> 
     </span>
    </p>
   </div>
   <div class='ocr_carea' id='block_1_4' title="bbox 148 1108 972 1285">
    <p class='ocr_par' dir='ltr' id='par_1_4' title="bbox 148 1108 972 1285">
     <span class='ocr_line' id='line_1_8' title="bbox 236 1108 972 1194; baseline -0.011 -25"><span class='ocrx_word' id='word_1_43' title='bbox 236 1183 242 1194; x_wconf 89' lang='lat'>.</span> <span class='ocrx_word' id='word_1_44' title='bbox 279 1115 311 1169; x_wconf 80' lang='lat' dir='ltr'>ab</span> <span class='ocrx_word' id='word_1_45' title='bbox 328 1112 525 1169; x_wconf 73' lang='lat' dir='ltr'>altercandire.</span> <span class='ocrx_word' id='word_1_46' title='bbox 569 1112 621 1168; x_wconf 82' lang='lat' dir='ltr'>sed</span> <span class='ocrx_word' id='word_1_47' title='bbox 639 1120 670 1166; x_wconf 81' lang='lat' dir='ltr'>tu</span> <span class='ocrx_word' id='word_1_48' title='bbox 693 1113 810 1166; x_wconf 86' lang='lat' dir='ltr'>omnium</span> <span class='ocrx_word' id='word_1_49' title='bbox 832 1108 929 1164; x_wconf 79' lang='lat' dir='ltr'>mensa-</span> <span class='ocrx_word' id='word_1_50' title='bbox 965 1118 972 1130; x_wconf 89' lang='lat'><strong>·</strong></span> 
     </span>
     <span class='ocr_line' id='line_1_9' title="bbox 148 1199 961 1285; baseline -0.009 -18"><span class='ocrx_word' id='word_1_51' title='bbox 148 1236 150 1242; x_wconf 56' lang='lat'><strong><em>¹</em></strong></span> <span class='ocrx_word' id='word_1_52' title='bbox 267 1227 338 1272; x_wconf 70' lang='lat' dir='ltr'>,tum</span> <span class='ocrx_word' id='word_1_53' title='bbox 351 1205 468 1274; x_wconf 74' lang='lat' dir='ltr'>adlecta,</span> <span class='ocrx_word' id='word_1_54' title='bbox 489 1208 607 1262; x_wconf 86' lang='lat' dir='ltr'>omnium</span> <span class='ocrx_word' id='word_1_55' title='bbox 614 1199 793 1262; x_wconf 78' lang='lat' dir='ltr'>cubiculorim</span> <span class='ocrx_word' id='word_1_56' title='bbox 807 1207 835 1260; x_wconf 88' lang='lat' dir='ltr'>in</span> <span class='ocrx_word' id='word_1_57' title='bbox 846 1213 929 1260; x_wconf 78' lang='lat' dir='ltr'>aetate</span> <span class='ocrx_word' id='word_1_58' title='bbox 955 1273 961 1285; x_wconf 78' lang='lat'><em>,</em></span> 
     </span>
    </p>
   </div>
   <div class='ocr_carea' id='block_1_5' title="bbox 279 1301 930 1374">
    <p class='ocr_par' dir='ltr' id='par_1_5' title="bbox 279 1301 930 1374">
     <span class='ocr_line' id='line_1_10' title="bbox 279 1301 930 1374; baseline -0.011 -14"><span class='ocrx_word' id='word_1_59' title='bbox 279 1305 380 1374; x_wconf 81' lang='lat' dir='ltr'>pellex,</span> <span class='ocrx_word' id='word_1_60' title='bbox 399 1303 506 1360; x_wconf 79' lang='lat' dir='ltr'>elidem</span> <span class='ocrx_word' id='word_1_61' title='bbox 524 1301 610 1370; x_wconf 81' lang='lat' dir='ltr'>postea</span> <span class='ocrx_word' id='word_1_62' title='bbox 622 1303 748 1368; x_wconf 69' lang='lat' dir='ltr'>tlulter,</span> <span class='ocrx_word' id='word_1_63' title='bbox 768 1302 851 1355; x_wconf 79' lang='lat' dir='ltr'>omnis</span> <span class='ocrx_word' id='word_1_64' title='bbox 862 1301 930 1368; x_wconf 79' lang='lat' dir='ltr'>ordi-</span> 
     </span>
    </p>
   </div>
   <div class='ocr_carea' id='block_1_6' title="bbox 225 1389 927 1468">
    <p class='ocr_par' dir='ltr' id='par_1_6' title="bbox 225 1389 927 1468">
     <span class='ocr_line' id='line_1_11' title="bbox 225 1389 927 1468; baseline -0.006 -14"><span class='ocrx_word' id='word_1_65' title='bbox 225 1389 228 1396; x_wconf 45' lang='lat'><em>*</em></span> <span class='ocrx_word' id='word_1_66' title='bbox 278 1399 471 1468; x_wconf 68' lang='lat' dir='ltr'>nicturpitudo</span> <span class='ocrx_word' id='word_1_67' title='bbox 493 1413 537 1463; x_wconf 81' lang='lat' dir='ltr'>es,</span> <span class='ocrx_word' id='word_1_68' title='bbox 563 1405 591 1452; x_wconf 83' lang='lat' dir='ltr'>et</span> <span class='ocrx_word' id='word_1_69' title='bbox 607 1397 692 1450; x_wconf 82' lang='lat' dir='ltr'>ciuilis</span> <span class='ocrx_word' id='word_1_70' title='bbox 715 1397 780 1452; x_wconf 87' lang='lat' dir='ltr'>belli</span> <span class='ocrx_word' id='word_1_71' title='bbox 796 1395 927 1450; x_wconf 80' lang='lat' dir='ltr'>memoria.</span> 
     </span>
    </p>
   </div>
   <div class='ocr_carea' id='block_1_7' title="bbox 280 1492 931 1850">
    <p class='ocr_par' dir='ltr' id='par_1_7' title="bbox 280 1492 931 1850">
     <span class='ocr_line' id='line_1_12' title="bbox 280 1492 930 1560; baseline -0.006 -12"><span class='ocrx_word' id='word_1_72' title='bbox 280 1492 351 1560; x_wconf 83' lang='lat' dir='ltr'>Quid</span> <span class='ocrx_word' id='word_1_73' title='bbox 363 1495 434 1548; x_wconf 82' lang='lat' dir='ltr'>enim</span> <span class='ocrx_word' id='word_1_74' title='bbox 449 1493 499 1546; x_wconf 89' lang='lat' dir='ltr'>hcc</span> <span class='ocrx_word' id='word_1_75' title='bbox 511 1493 616 1560; x_wconf 79' lang='lat' dir='ltr'>grauius</span> <span class='ocrx_word' id='word_1_76' title='bbox 626 1494 681 1560; x_wconf 86' lang='lat' dir='ltr'>pati</span> <span class='ocrx_word' id='word_1_77' title='bbox 694 1492 834 1560; x_wconf 81' lang='lat' dir='ltr'>potuimus,</span> <span class='ocrx_word' id='word_1_78' title='bbox 853 1507 930 1560; x_wconf 78' lang='lat' dir='ltr'><strong>quam</strong></span> 
     </span>
     <span class='ocr_line' id='line_1_13' title="bbox 280 1584 929 1658; baseline -0.008 -15"><span class='ocrx_word' id='word_1_79' title='bbox 280 1589 389 1658; x_wconf 80' lang='lat' dir='ltr'>quodie</span> <span class='ocrx_word' id='word_1_80' title='bbox 403 1588 561 1642; x_wconf 84' lang='lat' dir='ltr'>incolumem</span> <span class='ocrx_word' id='word_1_81' title='bbox 574 1587 601 1640; x_wconf 88' lang='lat' dir='ltr'>in</span> <span class='ocrx_word' id='word_1_82' title='bbox 611 1587 661 1654; x_wconf 86' lang='lat' dir='ltr'>hpc</span> <span class='ocrx_word' id='word_1_83' title='bbox 670 1587 760 1640; x_wconf 84' lang='lat' dir='ltr'>ordine</span> <span class='ocrx_word' id='word_1_84' title='bbox 773 1584 929 1642; x_wconf 80' lang='lat' dir='ltr'>videamus?</span> 
     </span>
     <span class='ocr_line' id='line_1_14' title="bbox 280 1679 931 1750; baseline -0.008 -12"><span class='ocrx_word' id='word_1_85' title='bbox 280 1681 374 1738; x_wconf 83' lang='lat' dir='ltr'>Define</span> <span class='ocrx_word' id='word_1_86' title='bbox 398 1683 480 1736; x_wconf 84' lang='lat' dir='ltr'>bonos</span> <span class='ocrx_word' id='word_1_87' title='bbox 497 1679 702 1750; x_wconf 78' lang='lat' dir='ltr'>petulantiffima&#39;</span> <span class='ocrx_word' id='word_1_88' title='bbox 716 1679 856 1735; x_wconf 76' lang='lat' dir='ltr'>confestari</span> <span class='ocrx_word' id='word_1_89' title='bbox 878 1681 931 1734; x_wconf 86' lang='lat' dir='ltr'>lin-</span> 
     </span>
     <span class='ocr_line' id='line_1_15' title="bbox 281 1775 931 1850; baseline 0 -20"><span class='ocrx_word' id='word_1_90' title='bbox 281 1793 349 1850; x_wconf 76' lang='lat' dir='ltr'><strong>gua:</strong></span> <span class='ocrx_word' id='word_1_91' title='bbox 369 1775 455 1832; x_wconf 81' lang='lat' dir='ltr'>define</span> <span class='ocrx_word' id='word_1_92' title='bbox 465 1778 556 1832; x_wconf 87' lang='lat' dir='ltr'><strong>morbo</strong></span> <span class='ocrx_word' id='word_1_93' title='bbox 572 1775 734 1848; x_wconf 79' lang='lat' dir='ltr'>procacitatis</span> <span class='ocrx_word' id='word_1_94' title='bbox 750 1775 796 1830; x_wconf 82' lang='lat' dir='ltr'>isto</span> <span class='ocrx_word' id='word_1_95' title='bbox 806 1777 866 1830; x_wconf 83' lang='lat' dir='ltr'>vti:</span> <span class='ocrx_word' id='word_1_96' title='bbox 887 1777 931 1830; x_wconf 86' lang='lat' dir='ltr'>de-</span> 
     </span>
    </p>
   </div>
   <div class='ocr_carea' id='block_1_8' title="bbox 249 1860 1047 1952">
    <p class='ocr_par' dir='ltr' id='par_1_8' title="bbox 249 1860 1047 1952">
     <span class='ocr_line' id='line_1_16' title="bbox 249 1860 1047 1952; baseline -0.009 -23"><span class='ocrx_word' id='word_1_97' title='bbox 249 1921 252 1929; x_wconf 94' lang='grc'><em>,</em></span> <span class='ocrx_word' id='word_1_98' title='bbox 280 1871 558 1952; x_wconf 71' lang='lat' dir='ltr'>linevnpmquemque</span> <span class='ocrx_word' id='word_1_99' title='bbox 581 1872 697 1928; x_wconf 71' lang='lat' dir='ltr'>moestus</span> <span class='ocrx_word' id='word_1_100' title='bbox 713 1871 765 1927; x_wconf 83' lang='lat' dir='ltr'>tuis</span> <span class='ocrx_word' id='word_1_101' title='bbox 781 1869 929 1924; x_wconf 80' lang='lat' dir='ltr'>aestimare:</span> <span class='ocrx_word' id='word_1_102' title='bbox 1042 1860 1047 1878; x_wconf 69' lang='lat'><em>⁴</em></span> 
     </span>
    </p>
   </div>
   <div class='ocr_carea' id='block_1_9' title="bbox 281 1959 929 2034">
    <p class='ocr_par' dir='ltr' id='par_1_9' title="bbox 281 1959 929 2034">
     <span class='ocr_line' id='line_1_17' title="bbox 281 1959 929 2034; baseline -0.005 -12"><span class='ocrx_word' id='word_1_103' title='bbox 281 1970 323 2022; x_wconf 85' lang='lat' dir='ltr'>his</span> <span class='ocrx_word' id='word_1_104' title='bbox 340 1967 455 2022; x_wconf 81' lang='lat' dir='ltr'>moribus</span> <span class='ocrx_word' id='word_1_105' title='bbox 473 1966 586 2022; x_wconf 81' lang='lat' dir='ltr'>amicum</span> <span class='ocrx_word' id='word_1_106' title='bbox 604 1968 655 2022; x_wconf 89' lang='lat' dir='ltr'>tibi</span> <span class='ocrx_word' id='word_1_107' title='bbox 672 1967 756 2022; x_wconf 72' lang='lat' dir='ltr'>iacere</span> <span class='ocrx_word' id='word_1_108' title='bbox 771 1959 824 2020; x_wconf 81' lang='lat' dir='ltr'>noti</span> <span class='ocrx_word' id='word_1_109' title='bbox 840 1974 929 2034; x_wconf 86' lang='lat' dir='ltr'>potes,</span> 
     </span>
    </p>
   </div>
   <div class='ocr_carea' id='block_1_10' title="bbox 136 2062 931 2150">
    <p class='ocr_par' dir='ltr' id='par_1_10' title="bbox 136 2062 931 2150">
     <span class='ocr_line' id='line_1_18' title="bbox 136 2062 931 2150; baseline -0.01 -28"><span class='ocrx_word' id='word_1_110' title='bbox 136 2069 141 2076; x_wconf 89' lang='lat'>&#39;</span> <span class='ocrx_word' id='word_1_111' title='bbox 218 2079 220 2091; x_wconf 78' lang='lat'><strong><em>¹</em></strong></span> <span class='ocrx_word' id='word_1_112' title='bbox 282 2062 461 2150; x_wconf 52' lang='lat' dir='ltr'>viderisvelle</span> <span class='ocrx_word' id='word_1_113' title='bbox 481 2063 619 2117; x_wconf 85' lang='lat' dir='ltr'>inimicum</span> <span class='ocrx_word' id='word_1_114' title='bbox 634 2064 739 2119; x_wconf 87' lang='lat' dir='ltr'>habere.</span> <span class='ocrx_word' id='word_1_115' title='bbox 784 2063 877 2116; x_wconf 84' lang='lat' dir='ltr'>Finem</span> <span class='ocrx_word' id='word_1_116' title='bbox 894 2062 931 2114; x_wconf 88' lang='lat' dir='ltr'>di-</span> 
     </span>
    </p>
   </div>
   <div class='ocr_carea' id='block_1_11' title="bbox 281 2156 933 2617">
    <p class='ocr_par' dir='ltr' id='par_1_11' title="bbox 281 2156 933 2617">
     <span class='ocr_line' id='line_1_19' title="bbox 282 2156 929 2227; baseline -0.003 -15"><span class='ocrx_word' id='word_1_117' title='bbox 282 2158 359 2212; x_wconf 87' lang='lat' dir='ltr'>cendi</span> <span class='ocrx_word' id='word_1_118' title='bbox 376 2156 472 2214; x_wconf 77' lang='lat' dir='ltr'>faciam</span> <span class='ocrx_word' id='word_1_119' title='bbox 481 2156 512 2212; x_wconf 90' lang='lat' dir='ltr'>P.</span> <span class='ocrx_word' id='word_1_120' title='bbox 523 2157 552 2212; x_wconf 89' lang='lat' dir='ltr'>C.</span> <span class='ocrx_word' id='word_1_121' title='bbox 583 2159 665 2227; x_wconf 82' lang='lat' dir='ltr'>Saepe</span> <span class='ocrx_word' id='word_1_122' title='bbox 682 2161 753 2213; x_wconf 85' lang='lat' dir='ltr'>enim</span> <span class='ocrx_word' id='word_1_123' title='bbox 762 2159 817 2213; x_wconf 88' lang='lat' dir='ltr'>vidi</span> <span class='ocrx_word' id='word_1_124' title='bbox 828 2157 929 2224; x_wconf 71' lang='lat' dir='ltr'>grauius</span> 
     </span>
     <span class='ocr_line' id='line_1_20' title="bbox 282 2249 933 2323; baseline -0.006 -15"><span class='ocrx_word' id='word_1_125' title='bbox 282 2251 414 2316; x_wconf 76' lang='lat' dir='ltr'>offendere</span> <span class='ocrx_word' id='word_1_126' title='bbox 433 2251 533 2316; x_wconf 67' lang='lat' dir='ltr'>animos</span> <span class='ocrx_word' id='word_1_127' title='bbox 549 2255 696 2311; x_wconf 81' lang='lat' dir='ltr'>auditorum</span> <span class='ocrx_word' id='word_1_128' title='bbox 712 2271 772 2318; x_wconf 87' lang='lat' dir='ltr'>ecs,</span> <span class='ocrx_word' id='word_1_129' title='bbox 791 2253 836 2323; x_wconf 85' lang='lat' dir='ltr'>qui</span> <span class='ocrx_word' id='word_1_130' title='bbox 847 2249 933 2305; x_wconf 72' lang='lat' dir='ltr'>aliene</span> 
     </span>
     <span class='ocr_line' id='line_1_21' title="bbox 281 2347 931 2418; baseline 0 -18"><span class='ocrx_word' id='word_1_131' title='bbox 281 2347 381 2416; x_wconf 79' lang='lat' dir='ltr'>flagitia</span> <span class='ocrx_word' id='word_1_132' title='bbox 392 2355 480 2416; x_wconf 80' lang='lat' dir='ltr'>aperte</span> <span class='ocrx_word' id='word_1_133' title='bbox 488 2349 626 2415; x_wconf 85' lang='lat' dir='ltr'>dixerunt,</span> <span class='ocrx_word' id='word_1_134' title='bbox 647 2365 724 2418; x_wconf 80' lang='lat' dir='ltr'><strong>quam</strong></span> <span class='ocrx_word' id='word_1_135' title='bbox 740 2365 793 2413; x_wconf 82' lang='lat' dir='ltr'>eos,</span> <span class='ocrx_word' id='word_1_136' title='bbox 811 2348 856 2416; x_wconf 87' lang='lat' dir='ltr'>qui</span> <span class='ocrx_word' id='word_1_137' title='bbox 864 2363 931 2401; x_wconf 85' lang='lat' dir='ltr'>com-</span> 
     </span>
     <span class='ocr_line' id='line_1_22' title="bbox 281 2439 929 2514; baseline -0.003 -18"><span class='ocrx_word' id='word_1_138' title='bbox 281 2439 413 2497; x_wconf 83' lang='lat' dir='ltr'>miserunt.</span> <span class='ocrx_word' id='word_1_139' title='bbox 449 2442 522 2498; x_wconf 86' lang='lat' dir='ltr'>Mihi</span> <span class='ocrx_word' id='word_1_140' title='bbox 540 2445 646 2514; x_wconf 82' lang='lat' dir='ltr'>quidem</span> <span class='ocrx_word' id='word_1_141' title='bbox 662 2445 727 2498; x_wconf 82' lang='lat' dir='ltr'>ratic</span> <span class='ocrx_word' id='word_1_142' title='bbox 742 2443 862 2497; x_wconf 81' lang='lat' dir='ltr'>habenda</span> <span class='ocrx_word' id='word_1_143' title='bbox 880 2439 929 2506; x_wconf 87' lang='lat' dir='ltr'>est,</span> 
     </span>
     <span class='ocr_line' id='line_1_23' title="bbox 283 2533 930 2617; baseline 0 -27"><span class='ocrx_word' id='word_1_144' title='bbox 283 2553 337 2590; x_wconf 89' lang='lat' dir='ltr'>non</span> <span class='ocrx_word' id='word_1_145' title='bbox 350 2538 411 2608; x_wconf 84' lang='lat' dir='ltr'>quid</span> <span class='ocrx_word' id='word_1_146' title='bbox 423 2536 557 2594; x_wconf 82' lang='lat' dir='ltr'>Sallustius</span> <span class='ocrx_word' id='word_1_147' title='bbox 570 2541 664 2594; x_wconf 86' lang='lat' dir='ltr'>merito</span> <span class='ocrx_word' id='word_1_148' title='bbox 675 2538 766 2593; x_wconf 79' lang='lat' dir='ltr'>debeat</span> <span class='ocrx_word' id='word_1_149' title='bbox 776 2538 873 2617; x_wconf 58' lang='lat' dir='ltr'>analige,</span> <span class='ocrx_word' id='word_1_150' title='bbox 888 2533 930 2590; x_wconf 85' lang='lat' dir='ltr'>sed</span> 
     </span>
    </p>
   </div>
   <div class='ocr_carea' id='block_1_12' title="bbox 284 2629 928 2706">
    <p class='ocr_par' dir='ltr' id='par_1_12' title="bbox 284 2629 928 2706">
     <span class='ocr_line' id='line_1_24' title="bbox 284 2629 928 2706; baseline -0.006 -18"><span class='ocrx_word' id='word_1_151' title='bbox 284 2638 314 2688; x_wconf 87' lang='lat' dir='ltr'>vt</span> <span class='ocrx_word' id='word_1_152' title='bbox 326 2647 356 2686; x_wconf 86' lang='lat' dir='ltr'>ea</span> <span class='ocrx_word' id='word_1_153' title='bbox 364 2633 462 2699; x_wconf 81' lang='lat' dir='ltr'>dicam,</span> <span class='ocrx_word' id='word_1_154' title='bbox 479 2631 557 2705; x_wconf 78' lang='lat' dir='ltr'>{iqua</span> <span class='ocrx_word' id='word_1_155' title='bbox 565 2653 612 2706; x_wconf 83' lang='lat' dir='ltr'>ego</span> <span class='ocrx_word' id='word_1_156' title='bbox 622 2633 727 2691; x_wconf 83' lang='lat' dir='ltr'>honeste</span> <span class='ocrx_word' id='word_1_157' title='bbox 738 2631 812 2688; x_wconf 85' lang='lat' dir='ltr'>effari</span> <span class='ocrx_word' id='word_1_158' title='bbox 823 2629 928 2700; x_wconf 82' lang='lat' dir='ltr'>polium.</span> 
     </span>
    </p>
   </div>
   <div class='ocr_carea' id='block_1_13' title="bbox 0 0 1119 3790">
    <p class='ocr_par' dir='ltr' id='par_1_13' title="bbox 0 0 1119 3790">
     <span class='ocr_line' id='line_1_25' title="bbox 0 0 1119 3790; baseline 0 0"><span class='ocrx_word' id='word_1_159' title='bbox 0 0 1119 3790; x_wconf 95' lang='lat' dir='ltr'> </span> 
     </span>
    </p>
   </div>
  </div>
 </body>
</html>
