2258 3792
308 502 826 566 r4asitLLv8T11

301 625 380 682 tellus
400 624 538 694 pergebat,
557 625 682 692 oppidum
698 623 891 690 Numidarum,
908 642 954 680 no·

301 721 372 776 mine
391 720 485 789 Vaga,
518 715 612 774 foruni
623 735 709 774 renum
723 720 855 776 venabum
873 721 953 774 totius
999 751 1003 768 ι

300 817 374 886 regni
384 831 506 870 maxume
524 813 702 876 celebratum
729 813 774 870 vbi
789 823 816 870 et
828 815 952 882 incolere,

301 920 329 968 et
341 911 451 966 mercari
463 907 648 965 consueuerant
664 910 753 965 Italici
767 911 869 979 generis
884 911 953 966 mul·

300 1010 322 1065 ti
345 1005 475 1062 mortales.
511 1003 572 1060 Huc
596 1003 712 1073 Consul,
737 1004 813 1060 simul
834 1005 954 1062 tentandi

300 1104 398 1176 gratia,
415 1100 567 1170 iipaterent
577 1101 782 1170 opportunitates
793 1096 861 1166 loci,
879 1117 954 1170 prae·

300 1199 394 1256 fidium
416 1193 555 1266 imposmtr
588 1204 721 1266 praeterea
740 1197 878 1266 imperauit
898 1194 954 1250 Fru-

300 1302 434 1358 mentum,
454 1300 481 1346 et
502 1291 662 1362 alia,¹quae
684 1291 754 1346 bello
779 1288 836 1346 usui
852 1289 953 1346 forent:

300 1398 371 1443 namu
389 1385 434 1450 id,
467 1387 536 1454 quod
558 1402 599 1440 res
619 1386 756 1450 monebat,
780 1384 954 1454 frequentiam

300 1481 491 1550 negotiatorum
521 1487 548 1532 et
578 1486 748 1534 commeatum
776 1478 955 1543 [iuuaturutn

300 1573 462 1638 exercitum]
489 1573 569 1626 etiarn
588 1573 684 1639 paratis
699 1571 775 1626 rebus
791 1574 954 1628 munimento

300 1669 366 1724 iore.
402 1667 475 1722 Inter
494 1668 558 1720 baec
580 1666 684 1734 negotia
707 1666 835 1735 Iugurtha
852 1668 953 1735 impen.

299 1763 350 1819 fine
362 1764 439 1818 modo
454 1763 553 1832 legatos
564 1758 697 1830 dupplices
722 1761 843 1828 mittere,
861 1778 951 1830 pacem

299 1875 396 1916 orare:
418 1864 519 1927 practer
541 1854 612 1910 suam
631 1855 824 1926 liberorumque
850 1858 949 1923 vitam,
1001 1853 1022 1880 'l

299 1954 388 2008 omnia
410 1953 523 2010 Metello
544 1954 644 2007 dedere.
696 1951 766 2018 eros
792 1954 881 2018 item,
911 1953 951 2008 vti

299 2050 414 2118 priores,
433 2046 529 2102 Consul
544 2047 646 2102 illettoa
663 2049 695 2103 ad
717 2049 890 2117 proditionem
908 2048 952 2102 dn-

298 2161 371 2198 murn
393 2143 553 2200 dimittebat:
578 2145 633 2212 regi
648 2161 754 2212 pacem,
773 2160 850 2213 quam
868 2143 954 2210 postu·

298 2240 384 2306 labat,
401 2256 486 2310 neque
507 2239 640 2304 abnuere,
674 2255 758 2307 neque
773 2238 906 2306 polliceri,
926 2246 954 2291 et

298 2337 367 2391 inter
390 2352 433 2392 eas
447 2351 531 2390 moras
555 2331 674 2402 promitit
695 2333 840 2402 legatorum
864 2329 952 2400 exipe-

298 2429 375 2486 itare.

491 2522 563 2578 Car.
599 2517 753 2574 XLVIII.

333 2618 460 2688 Iugurtha
483 2617 531 2673 vbi
559 2615 665 2672 Metelli
692 2616 761 2672 ditia
789 2635 849 2677 cum
873 2618 949 2674 initis

297 2712 457 2784 composuit,
477 2729 507 2768 ac
520 2711 544 2768 le
552 2712 603 2768 suis
618 2713 716 2768 artibus
729 2715 826 2770 tentari
834 2717 949 2770 anirnad-

297 2813 393 2871 uortit3
413 2809 507 2880 quippe
529 2812 572 2865 cui
585 2808 672 2864 verbis
691 2827 743 2879 pax
761 2809 947 2876 nunciabatur,

298 2913 411 2960 ceterum
434 2922 463 2960 re
485 2906 585 2960 bellum
604 2903 778 2974 asperrumum
798 2910 866 2957 erat:
886 2902 948 2957 vrbe

297 3017 420 3056 maxum
441 2999 571 3068 alienata,
600 3015 660 3068 ager
679 2997 793 3052 boltibur
812 2998 947 3068 coguntur,
