2242 3800
340 499 721 555 1vevnrrri.
794 505 848 564 ¹43

200 627 281 683 animi
303 626 470 696 popularium
482 624 612 690 lenton,
641 621 744 676 coaetus
765 639 852 678 rerum
906 623 908 654 ³

199 721 402 789 moestitudine,
420 721 509 776 statuit
523 719 600 772 armis
615 725 722 772 certare.
768 711 853 786 Igitur

200 819 334 888 explorato
346 816 455 872 hostiurn
471 817 580 882 itinere,
597 813 627 867 in
644 812 714 881 spem
728 813 852 869 vitoriae

200 913 326 970 addudrur
338 925 371 966 ex
388 912 579 981 opportunitate
595 910 664 978 loci,
684 925 748 978 quas
761 925 853 964 narn-

140 1060 142 1066 ,
199 1027 257 1066 mar
271 1011 359 1078 copias
378 1005 459 1078 potest
480 1008 597 1060 omnium
617 1021 741 1074 generum
760 1013 852 1074 parat,

200 1123 232 1161 ac
254 1121 299 1174 per
314 1103 432 1159 tramites
450 1101 566 1156 occultos
587 1098 729 1156 exercitum
747 1099 853 1155 Metelli

201 1201 344 1256 anteponit.
380 1197 478 1252 Eratin
488 1204 597 1264 eaparte
608 1197 763 1260 Numidiae,
774 1209 853 1264 quam

201 1294 335 1350 Adherbal
364 1294 392 1347 in
417 1290 544 1347 diuifione
567 1289 727 1360 pollederat‚
754 1289 853 1345 flumen

201 1391 287 1444 orione
307 1405 323 1442 a
338 1390 466 1455 meridie,
492 1375 598 1442 nomine
616 1385 744 1446 Muthulo
770 1401 853 1455 aquo

178 1473 292 1540 'oberat
321 1501 395 1540 mour
424 1483 507 1540 ferme
532 1481 619 1542 millia
646 1479 765 1550 poffunn
797 1493 850 1538 xm.
947 1473 952 1496 ⁸

134 1619 136 1633 .
200 1583 284 1638 trattu
305 1581 383 1650 pari,
407 1580 493 1636 vritur
516 1577 549 1633 ab
573 1585 666 1632 natura
693 1585 720 1633 et
739 1578 853 1634 humano

201 1678 290 1734 cultu:
318 1674 362 1732 sed
381 1693 415 1732 ex
434 1693 465 1731 eo
481 1673 567 1730 medio
587 1669 659 1742 quafi
684 1672 758 1728 collis
787 1674 854 1728 orie·

199 1772 294 1839 batur,
327 1772 357 1824 in
386 1768 540 1828 inrmeniiun
568 1769 720 1838 pertinens,
747 1767 853 1824 vestitus¹

200 1866 309 1922 oleastro
336 1881 366 1920 ae
399 1867 537 1930 mineris,
577 1863 687 1932 aliisque
716 1864 853 1932 generibur

202 1961 341 2024 arborum,
369 1973 435 2027 quae
457 1959 531 2013 humi
553 1959 719 2027 arido-atque
749 1958 853 2015 arenoso

200 2056 365 2124 gignuntur„
388 2050 480 2106 Media
497 2061 584 2106 autem
598 2051 724 2119 planicies
737 2051 852 2120 deserta„

199 2148 312 2218 penuria
334 2161 433 2215 aquae:
462 2153 563 2213 praeter
588 2145 692 2198 flumini
710 2148 854 2215 propinqua

202 2243 277 2298 loca:
305 2259 335 2298 eo
356 2239 452 2297 confite
471 2239 579 2296 arbrrltir
596 2254 688 2306 pecore
706 2246 783 2308 atque
801 2241 855 2294 eul-

199 2339 302 2424 toribus
320 2337 562 2409 frequentabantur.

408 2435 481 2491 Cir.
516 2431 637 2488 XLIX.

164 2537 166 2542 ·
238 2527 320 2597 Igitur
347 2532 375 2585 in
404 2547 434 2585 eo
462 2530 555 2595 colle,
583 2544 681 2598 quern,
708 2524 855 2584 transuerso

201 2623 317 2690 itinere,
344 2625 491 2692 porredum
523 2626 683 2690 docuimus,
708 2623 855 2694 Iugurtha,

204 2725 343 2774 extenuata
359 2716 463 2772 luorum
486 2721 560 2785 acie,
581 2701 711 2772 confodite
732 2718 855 2788 elephan-

201 2814 238 2868 tis
258 2821 284 2868 et
305 2815 373 2883 parti
395 2815 527 2884 copiarum
551 2811 707 2882 pedestrium
727 2811 856 2868 Bomilca-

203 2923 259 2965 rem
270 2909 412 2980 praefecit,
431 2924 541 2980 eumque
551 2910 657 2973 edocet,
676 2923 741 2978 quae
752 2917 854 2978 agento
919 2969 921 2975 p
1016 2951 1018 2956 .

203 3004 256 3078 ipse
282 3008 386 3076 propior
412 3017 528 3066 montem
555 3021 615 3062 eun
640 3007 713 3072 omni
738 3007 855 3076 equitatu
913 3062 916 3068 .
