2260 3800
345 547 727 614 ruovuuu'n.
809 543 866 624 1'49

177 674 181 682 ’
214 680 329 736 rnilitum
348 690 402 736 arte
421 682 557 748 statuent,
576 701 627 753 quo
647 683 758 738 hostiurn
777 682 867 740 itideri

214 773 356 843 obiiceret,
379 777 457 832 latius
474 780 610 848 porrigit3
636 793 717 848 eoque
736 780 813 834 ruodo
834 779 867 834 ad
918 840 921 847 ,

215 868 310 928 Rutilii
330 872 408 927 castra
424 875 550 941 procedit.

441 969 513 1029 Gau,
550 969 645 1022 LIII.

256 1061 368 1116 Romani
389 1081 421 1117 ex
444 1061 582 1130 improuiso
605 1063 722 1131 pulueris
741 1057 796 1119 uim
814 1080 867 1119 ma·

215 1173 296 1224 gnam
311 1159 544 1216 animaduortuntr
563 1173 623 1210 nam
637 1155 867 1227 prospettumager

169 1311 176 1324 ¹
215 1249 323 1304 arbustis
338 1249 454 1306 *consitus
472 1239 635 1320 prohibebat
672 1251 708 1307 Et
723 1254 806 1321 primo
817 1254 867 1308 rati

213 1345 324 1400 humum
342 1343 449 1400 'aridam
478 1353 559 1416 vento
586 1348 703 1416 agitari:
741 1347 796 1417 poll
820 1348 866 1402 vbi

214 1441 378 1509 aequabilem
392 1457 497 1522 manere
507 1449 577 1511 „ei,
596 1439 671 1496 sicuti
690 1443 867 1498 aoieamoue-

213 1535 312 1604 batur,
341 1539 423 1606 magis
448 1538 579 1608 magisque
596 1517 802 1608 adpropinquare
825 1539 866 1592 ui-

210 1633 293 1698 dent,
313 1635 417 1703 cognita
432 1649 476 1699 re,
493 1641 659 1701 properantes
670 1649 741 1687 arma
750 1634 866 1702 capiunt,

213 1741 244 1781 ac
261 1744 308 1796 pro
334 1728 438 1795 oaltris,
464 1727 540 1783 fiouti
558 1728 757 1797 imperabatur,
780 1715 867 1782 *confi-
900 1772 905 1788 ,

172 1869 174 1874 .
211 1822 291 1877 liunt.
328 1823 448 1889 Delnde,
466 1822 513 1878 vbi
522 1825 628 1892 propius
637 1830 761 1889 ventum,
774 1818 867 1878 utrim-

131 1912 133 1916 ’
213 1933 264 1986 que
285 1933 379 1985 magno
400 1917 512 1972 clamore
535 1929 702 1985 concurrunt,
738 1919 868 1972 Numidae

213 2011 403 2065 tantummode
417 2012 558 2077 remorati,
588 2013 650 2066 dum
668 2015 697 2066 iu
720 2013 867 2082 elephantia

213 2104 341 2158 auxilium
358 2111 469 2171 putant3
488 2104 621 2172 postquam
637 2109 775 2174 impeditor
788 2108 866 2160 ramis

213 2199 349 2265 arborum,
377 2206 454 2267 atque
481 2199 519 2252 ita
539 2199 659 2253 disietios
678 2201 867 2280 circumueniri

212 2297 322 2362 vident,
340 2295 430 2364 fugam
444 2293 568 2349 faciunt:
597 2311 627 2349 ac
642 2295 777 2364 plerique,
797 2293 868 2346 abie-
898 2297 901 2302 '

214 2391 261 2446 uis
271 2392 367 2457 armis,
387 2389 483 2456 collis,
496 2397 541 2445 aut
549 2390 650 2458 nostis,
669 2407 734 2462 quae
746 2390 799 2444 iam
808 2390 868 2443 ade·

212 2495 263 2551 rar,
281 2487 379 2540 auxilio
398 2487 495 2554 integri
507 2485 614 2544 abeunt.
650 2486 792 2557 Elephanti
805 2499 868 2554 qua-

169 2591 171 2596 ·
212 2587 272 2634 tuor
286 2581 371 2648 eapti,
390 2581 486 2649 reliqui
500 2589 613 2648 omnes,
631 2599 740 2638 numero
760 2581 868 2652 quadra-

212 2675 306 2748 ginta,
326 2673 468 2728 interietti.
506 2677 541 2731 At
562 2677 693 2743 Romani,
712 2691 867 2746 quamquam

123 2789 125 2794 ·
212 2770 308 2824 itinere
341 2776 418 2837 atque
448 2787 526 2840 opere
555 2770 694 2846 cultrorum
719 2781 746 2826 et
768 2771 867 2840 praelio

211 2861 269 2918 ieffi
289 2863 406 2934 laetique·
416 2874 510 2927 erantr
528 2874 635 2931 tanen,
654 2869 723 2936 quod
739 2866 867 2923 Metellus

214 2959 327 3027 amplius
354 2961 476 3028 opinione
495 2961 661 3028 morabatur,
689 2961 806 3016 instruiti
827 2963 867 3016 in·

212 3055 331 3127 tentique
357 3055 461 3122 obrutam
491 3059 644 3127 procedunt.
695 3059 763 3114 Nam
791 3057 865 3114 dolus
