2258 3792
271 509 729 567 .1vuvu'rrrn.
808 514 865 575 145

169 634 177 645 “
213 637 350 704 arborum,
370 646 396 692 et
413 645 501 692 tamen
520 634 635 699 insciti,
653 635 778 703 quidnam
786 632 866 689 eiiett

214 749 274 788 cum
290 741 382 788 natum
401 733 471 798 loci,
491 739 548 786 tum
570 729 630 784 dolo
645 726 692 797 ipii
709 727 868 799 atqueiigns

214 829 339 884 militaris
369 825 521 893 obiomuti]
546 827 626 891 dein,
654 823 729 879 breui
756 825 868 894 cognitis

214 920 331 988 insidiis,
347 921 487 992 paullisper
497 937 589 991 agmen
600 919 723 976 constitit.
750 921 869 976 ibi'oom·

213 1019 321 1074 mutatis
337 1018 490 1083 ordinibus,
516 1019 544 1070 in
561 1017 668 1070 dextero
683 1015 780 1082 lacere,
798 1016 868 1086 quod

214 1127 370 1180 proxumum
393 1111 472 1166 hostie
492 1117 563 1176 erat,
584 1111 733 1179 triplicibus
750 1109 868 1167 subsidiis
930 1145 935 1166 ι

215 1207 299 1260 aciem
324 1205 466 1259 instruxit:
493 1207 562 1259 inter
582 1206 728 1274 manipulos
750 1205 868 1262 fundito-

214 1315 256 1354 res
270 1298 450 1369 etsagittnrios
458 1297 590 1368 dispertit:
610 1302 754 1369 equitatum
763 1319 868 1357 omnem
941 1291 944 1295 ¹

215 1395 245 1448 in
269 1394 390 1450 cornibus
416 1395 501 1451 locat:
533 1409 563 1449 oo
580 1411 661 1464 peuce
683 1413 730 1464 pro
751 1403 869 1466 ternpore

214 1490 311 1547 milites
328 1491 461 1571 hortatus,
481 1492 581 1556 aciem,
599 1489 675 1545 iiouti
694 1492 867 1559 instruxerat,

214 1584 367 1642 transuorsis
383 1587 535 1656 principiis,
555 1585 583 1639 in
601 1585 709 1655 planum
721 1588 836 1655 deducit,

218 1795 220 1807 .
465 1724 537 1782 cnr.
573 1723 604 1792 L.

196 1857 197 1862 ’
218 1901 221 1908 ,
258 1847 309 1904 Sed
330 1848 377 1905 vbi
394 1849 522 1906 Numidas
549 1829 667 1920 quisine,
694 1861 779 1918 osque
800 1847 867 1906 colis

215 1945 321 2013 degredi
336 1945 537 2010 animaduertit,
556 1946 656 2000 veritus
676 1962 709 2000 ex
723 1946 786 1998 anni
802 1954 869 2000 tem·

215 2054 277 2106 pore
297 2047 324 2092 et
338 2021 427 2105 inopia
450 2054 549 2112 oquae,
574 2057 608 2094 ne
633 2037 674 2096 riti
696 2037 868 2096 conficeretur

171 2169 173 2174 -
215 2133 364 2198 exercitus,
388 2131 518 2188 Rutilium
534 2134 650 2202 legatum
664 2151 725 2190 oum
739 2135 867 2203 expeditis

214 2226 365 2288 cohortibus
392 2235 419 2284 et
443 2235 516 2296 parte
546 2227 664 2298 equitum
685 2227 815 2296 praemiis
834 2229 869 2282 ad

212 2323 330 2390 flumen,
347 2325 388 2379 vti
403 2323 491 2384 iocum
509 2323 596 2379 castris
609 2331 791 2394 antecaperetr
811 2324 868 2378 exi-

198 2399 344 2485 'stumms,
363 2419 442 2474 hostis
463 2419 554 2476 crebro
572 2421 673 2489 impetu
691 2428 718 2474 et
735 2429 867 2474 transcor-

213 2510 246 2566 fis
259 2514 365 2580 praeliis
382 2516 432 2570 iter
451 2513 524 2570 suum
542 2521 733 2580 remoraturos,
761 2523 787 2568 et
804 2529 868 2582 quo·

140 2681 141 2686 ἵ
214 2608 286 2661 niam
302 2608 379 2660 arnus
394 2607 559 2675 diffiderent,
578 2608 753 2665 iaffitudinem
765 2606 867 2662 ctiitim

120 2771 126 2778 .
212 2702 329 2783 urilitiun
349 2709 501 2756 tentaturos.
536 2703 606 2774 Dein
619 2703 672 2772 ipse
685 2720 732 2771 pro
750 2719 778 2760 re
789 2710 867 2771 atque

212 2797 288 2863 loco,
319 2794 394 2852 ficuti
411 2803 500 2850 moute
523 2795 703 2864 descenderat,
729 2797 867 2867 paullatim

212 2894 367 2962 procedere:
396 2891 514 2946 Marium
532 2891 587 2959 post
598 2892 728 2960 principia
750 2892 865 2948 habere:

213 2985 265 3057 ipse
281 3006 340 3044 cum
358 2986 472 3052 iniibus
491 2987 547 3040 alae
570 2988 702 3056 equitibus
722 2986 793 3055 eise,
819 2989 867 3058 qui

537 3083 562 3138 K
