2156 3808
260 599 319 658 442
378 589 615 648 VARIETAS
665 595 796 647 LECT.

167 768 171 776 .
260 715 401 773 chaifinum
422 717 587 772 confirmauit
602 717 705 774 Cottius
721 719 753 771 ad
771 717 826 772 Cat.
846 717 909 786 Cap.

261 815 330 860 xlx.
360 804 408 856 secl
422 807 444 856 is
461 805 520 869 Piso
544 805 571 857 in
583 805 741 872 prouinciam
760 811 808 856 cet.
846 803 904 858 eet

258 890 288 942 in
306 887 429 957 potg‘lcte.

294 989 362 1046 Ibid.
379 989 398 1043 1.
411 1006 451 1042 12.
474 1005 527 1042 non
544 985 588 1041 sua
601 987 746 1057 ignatia,]
781 989 911 1044 Nonnulli

262 1076 336 1131 codd.
355 1083 401 1130 aut
418 1083 478 1129 onte
494 1081 539 1128 aut
550 1073 604 1142 post
616 1091 707 1130 vocem
727 1078 847 1142 ignauia,
865 1077 911 1128 od-

262 1163 328 1215 dunt
346 1171 452 1228 captum.
490 1160 541 1214 Sed
558 1157 663 1227 plurimi
679 1161 822 1230 optimique
837 1162 912 1216 omit·

261 1254 331 1301 tunt.
368 1247 424 1301 Cet.
454 1243 489 1299 fic
510 1240 673 1315 iungendum
692 1245 793 1300 eortius·
813 1255 910 1314 putat:

260 1335 290 1386 ob
309 1347 386 1401 romp.
408 1335 435 1384 in
448 1331 551 1396 bostium
565 1331 681 1410 potestate
709 1331 839 1397 existens,
864 1351 911 1386 non
931 1377 936 1384 .

262 1420 291 1470 ob
300 1417 376 1480 suam
393 1418 530 1484 ignauiam.
567 1415 655 1471 nece.
691 1416 742 1470 Sed
760 1426 791 1471 vt
810 1419 834 1471 is
853 1415 912 1472 sen-

262 1501 305 1556 sus
320 1491 430 1570 pateat'‚
458 1501 513 1570 post
534 1519 626 1556 vocem
646 1501 781 1569 potestati,
809 1501 912 1572 fignum

259 1587 432 1668 'distinffionis
450 1589 598 1654 ponendum
618 1585 715 1642 censeo.

297 1687 365 1742 Ibid.
379 1703 420 1753 ις.
438 1687 516 1752 dolo,
536 1705 569 1740 an
581 1705 658 1753 vere,
677 1705 769 1757 pamm
788 1692 913 1758 conperi-

262 1775 345 1841 muo]
381 1774 461 1827 Codd.
481 1775 554 1838 dolo,
574 1792 605 1826 an
622 1793 683 1828 vere
695 1765 842 1842 cu'ndntus,
861 1785 910 1832 cet.

262 1859 361 1916 Vocem
372 1867 433 1916 ante
450 1859 562 1914 Grutero
579 1858 718 1928 inspeciam
736 1859 836 1918 sustulit
851 1862 914 1918 Cor»

263 1948 325 2002 tius.

299 2049 367 2104 Ibid.
384 2049 402 2102 l.
413 2067 453 2119 19.
473 2049 502 2102 in
519 2048 678 2118 colloquium
692 2049 732 2103 vti
749 2050 781 2105 de
794 2067 856 2118 pace
869 2067 915 2104 ve·

264 2136 386 2202 nitetur]
422 2133 456 2189 Et
478 2133 525 2187 istc
547 2134 665 2200 eortius,
690 2151 724 2190 ex
748 2137 915 2202 praecedenti

266 2221 350 2288 capite
362 2221 414 2275 huc
429 2219 570 2286 translata,
587 2225 711 2289 tanquam
721 2221 837 2288 putidam
849 2218 915 2289 glos-

207 2336 211 2344 ·
263 2303 317 2360 sam
330 2306 440 2360 delenda
457 2303 551 2360 censen
588 2305 663 2360 Conf.
678 2307 734 2360 cius
746 2315 842 2362 notam.

299 2407 329 2460 P.
340 2423 398 2473 κς.
414 2407 467 2461 1.1.
484 2407 614 2476 remotis‚]
650 2408 758 2478 Vulgoi
768 2410 868 2461 remotis
876 2426 915 2460 ce-

265 2495 334 2548 teris.
375 2495 482 2558 Ceteris,
502 2495 570 2564 quod
590 2494 642 2546 iam
657 2493 811 2548 ciacconius
826 2500 853 2548 et
866 2493 915 2546 Vr-

260 2578 335 2634 'finus
352 2578 485 2632 abundare
499 2587 678 2644 monuerunt,
703 2596 756 2632 non
775 2578 854 2633 habet
865 2579 915 2632 Fa·

265 2665 332 2720 bric.
347 2681 369 2720 1.

300 2749 371 2805 Ibid.
385 2751 404 2803 l.
418 2768 443 2804 c.
463 2751 539 2806 voltu
558 2751 695 2820 corporis]
731 2747 847 2804 Insolens
865 2751 917 2804 hoc

258 2835 390 2890 librariis.
427 2837 511 2906 Igitur
524 2836 631 2905 plurimi
645 2837 718 2890 codd.
736 2837 820 2901 vultu,
839 2837 916 2888 colore

267 2940 297 2975 ac
313 2932 379 2974 motu
390 2925 506 2990 corporis.
543 2922 615 2988 Quae
633 2922 726 2976 merito
744 2927 896 2990 expurgata.

304 3023 371 3077 lbid.
388 3023 407 3077 l.
417 3039 442 3090 4.
460 3023 563 3079 occulta
581 3023 713 3094 pecoris]
737 3022 811 3076 locus
828 3019 916 3076 misen
951 3075 954 3082 ,

195 3117 198 3124 ’
260 3111 344 3166 'codol
363 3109 490 3168 turbatus.
537 3109 580 3164 Al.
600 3109 658 3164 loco
674 3107 793 3180 peccoris,
819 3107 934 3173 cordis‚·
