2204 3810
272 557 332 618 430
391 541 636 606 VA'RIETAS
687 555 822 610 LECT-

270 693 331 744 qne,
350 675 549 745 quinquemillia
563 678 672 742 dedere,
692 680 759 746 quod
770 680 799 734 in
814 677 923 749 quibus-

270 761 329 816 dam
343 761 449 830 legitur.

304 845 371 899 ltin
383 846 402 899 l.
417 859 456 912 ι3.
476 845 628 914 potissumus
641 849 767 914 tentare]
801 850 842 905 Ito
853 851 922 906 reite

269 930 371 985 Cottius
398 947 431 986 ex
457 932 535 999 longe
566 932 678 999 plurima
703 935 777 992 cord,
801 943 874 1002 porte
894 944 922 992 et

268 1017 325 1072 edd.
342 1023 407 1071 vett.
429 1015 534 1071 Gruteri
550 1015 705 1086 Wull'eique
723 1017 921 1076 somnolentiam

267 1102 479 1170 reprehendens,
507 1102 552 1170 qrri
577 1099 751 1170 potissumum,
774 1107 843 1174 quod
868 1107 920 1159 iarn

267 1188 349 1256 vulgo
376 1187 492 1256 legitur,
517 1187 703 1256 praetulr'llent.
727 1183 917 1260 ‘Potiffltmum

182 1321 186 1328 .
266 1273 315 1328 int.
332 1283 388 1326 onte
404 1274 473 1326 ulios.

300 1359 330 1412 1’:
346 1358 437 1425 zoni.
453 1375 495 1412 22.
518 1373 584 1426 quos
600 1359 639 1412 vti
657 1375 691 1412 ex
711 1358 786 1414 Latio
808 1358 920 1414 etalo-

267 1443 315 1497 eiis
330 1431 478 1512 eogeret,]
514 1441 620 1512 Vulgo:
649 1446 694 1512 qui
711 1447 756 1496 vti
774 1463 807 1498 ex
824 1446 917 1512 Latio,

266 1535 291 1581 et
309 1547 323 1580 o
333 1528 412 1589 sociis
430 1531 571 1581 exereitum
590 1540 694 1595 cogeret.
730 1529 820 1585 Etim
836 1531 917 1585 MSS.

266 1607 404 1682 quostiam,
433 1610 477 1666 led
498 1613 595 1680 quibus
615 1631 707 1681 parum
722 1617 831 1682 aetatis,
857 1615 919 1669 eor-

264 1698 317 1751 tius
336 1697 432 1756 lubere
447 1699 492 1751 alt.
539 1699 659 1767 Plerique
681 1702 820 1754 exercitum
840 1703 918 1755 omit-

263 1790 339 1846 tunt,
365 1789 392 1837 et
405 1784 524 1837 iuniores
543 1785 650 1852 quidam
668 1785 725 1838 eius
746 1785 804 1839 loeo
824 1788 919 1840 militer

263 1865 399 1928 ieribuntr
426 1868 461 1921 el.
479 1871 588 1922 auxilio.
632 1871 735 1923 Cottius
755 1871 861 1925 tandem
881 1887 917 1925 ex

264 1951 354 2007 Guelf.
368 1966 393 2020 3.
414 1971 473 2022 quos
490 1955 627 2022 praetulit.
672 1955 720 2007 Cui
738 1962 765 2008 et
787 1956 855 2009 illud
875 1955 916 2009 fa-

263 2045 325 2103 uet,
344 2039 412 2107 quod
430 2039 508 2093 multi
532 2041 607 2092 codd.
619 2039 684 2108 quod
702 2039 808 2094 habent.
835 2042 916 2094 Nom·

263 2139 313 2193 que
335 2124 362 2176 in
379 2125 406 2178 id
424 2139 458 2178 ex
472 2143 530 2194 qnos
550 2123 635 2192 loplns
652 2123 793 2179 facillimus
807 2135 869 2180 erut.

297 2208 326 2262 P.
339 2225 399 2275 204.
411 2209 429 2263 l.
441 2223 464 2276 ς.
490 2209 573 2277 Igitur
590 2208 662 2264 Sulla
675 2211 912 2279 gentiepntriciau]

262 2293 347 2363 Vulgo
365 2297 490 2355 additum
509 2287 604 2347 'nobilis
615 2296 684 2360 fuit.
734 2295 848 2350 Priorem
866 2313 915 2350 vo·

261 2393 319 2434 cem
334 2377 470 2434 Putlehius
487 2395 519 2432 ex
538 2379 625 2432 Seruii
647 2379 785 2444 citatione,
815 2387 914 2432 utrem-

263 2479 314 2533 que
333 2464 477 2530 Gruterus,
495 2465 615 2532 quemuis
637 2460 691 2516 line
710 2464 783 2538 codol.
804 2460 912 2517 suorum

262 2547 434 2615 auetoritete,
455 2549 561 2603 deleuit.
598 2547 861 2602 translationum
882 2549 912 2602 in

261 2636 378 2704 margine
398 2641 424 2690 et
443 2633 474 2688 eb
492 2633 578 2688 aliene
594 2649 673 2687 manu
692 2634 780 2688 habet.

295 2719 363 2774 lbid.
374 2719 393 2773 l.
403 2735 428 2786 9.
448 2721 501 2774 otio
518 2716 654 2776 luxurioso
670 2719 697 2786 ς]
734 2718 756 2771 Ι.
770 2735 791 2773 e.
805 2736 837 2774 ex
849 2721 912 2776 Cot·

260 2806 293 2860 tii
306 2807 541 2873 interpretatione,
559 2807 674 2871 laxiore,
702 2813 728 2859 et
744 2819 794 2874 quo
812 2803 859 2860 fibi
877 2807 911 2859 li·
942 2871 943 2874 Ἴ

260 2889 373 2946 berarius
395 2891 540 2945 indulserit.
592 2891 676 2959 Vulgo
702 2891 826 2951 addunt3
846 2887 909 2960 effe,

261 2977 329 3046 quod
340 2975 493 3031 iubentibus
509 2974 597 3032 Guell.
607 2989 632 3043 3.
654 2973 773 3032 Remenl.
784 2992 806 3030 1.
823 2983 850 3031 et
859 2976 910 3030 Ve-

146 3071 154 3088 ·
261 3068 399 3129 netr147o.
418 3061 541 3116 deletum.
