2236 3800
332 531 718 588 IVGVRTHA.
790 523 847 594 169

406 657 478 712 crs.
514 653 634 712 LXIX.

229 750 357 822 Vagenses
381 753 428 808 vbi
455 753 571 808 animum
592 751 745 820 aduenere,
770 749 847 806 adse

196 845 299 904 vorsum
310 849 453 906 exereitum
467 863 590 918 pergere:
619 849 720 924 primu,
737 849 777 904 vti
793 854 850 906 erat

195 959 253 1010 res,
273 943 415 998 Metellum
432 943 497 1008 rati,
516 949 602 1010 portas
620 940 748 998 elausere:
775 944 861 998 dein-¹

196 1038 247 1103 de,
264 1037 312 1092 vbi
332 1050 419 1105 neque
438 1051 512 1105 agros
535 1035 641 1102 vastari,
668 1045 695 1092 et
714 1055 777 1103 eos,
802 1038 848 1106 qui

196 1133 276 1201 primi
298 1133 429 1196 aderant,
457 1129 585 1184 Numidas
614 1129 713 1198 equites
738 1132 847 1192 videntr

197 1223 298 1280 rursum
330 1224 484 1292 Iugurtham
509 1223 644 1290 arbitrati,
674 1239 734 1277 curn
755 1239 849 1292 magno

197 1317 291 1386 gaudio
312 1318 384 1372 obuii
404 1318 557 1387 procedunt
604 1316 712 1390 Equites
738 1319 850 1389 pedites-

198 1428 264 1482 que,
292 1421 403 1482 repente
419 1411 491 1482 iigno
513 1415 591 1478 datu,
620 1414 666 1468 aiii
683 1414 789 1484 volgum
810 1413 849 1470 ef·

196 1506 281 1563 iusum
301 1510 396 1580 oppido
416 1511 539 1572 caedem
559 1508 604 1564 alii
621 1512 654 1565 ad
672 1518 757 1579 portas
779 1509 850 1565 festi-

172 1603 174 1608 ’
197 1621 277 1666 neree
296 1621 354 1675 pars
362 1607 446 1664 turris
460 1622 569 1676 sapere:
591 1607 630 1660 ira
646 1614 723 1675 atque
738 1607 847 1675 praedae
882 1657 886 1667 ,

196 1700 252 1770 spes
280 1701 411 1771 amplius,
436 1719 513 1772 quarn
538 1699 657 1766 laifitudo
679 1699 757 1770 posse.
807 1701 848 1756 lta

196 1795 323 1866 Vagenses
339 1796 449 1862 biduum
463 1799 540 1860 modo
563 1814 597 1852 ex
611 1795 720 1866 perfidia
739 1796 846 1864 laetati:

198 1893 289 1952 ciuitas
305 1907 399 1960 magna
414 1897 442 1946 et
457 1891 566 1961 opulens
579 1907 678 1961 poenae
688 1892 789 1958 cunita,
803 1899 848 1954 aut

196 1987 306 2058 praedae
323 1985 384 2040 fuit.
421 1985 576 2055 Turpilius,
595 2003 672 2057 quem
688 1987 848 2057 praeietiuur

197 2081 287 2149 oppidi
301 2095 384 2135 vnum
402 2096 436 2132 ex
459 2081 580 2136 omnibus
596 2081 751 2152 profugisse,
773 2081 848 2158 supra

197 2175 369 2240 ostendimus,
396 2173 475 2230 iuii'us
491 2176 633 2240 aMetells
654 2176 763 2243 cauiiam
779 2179 849 2232 dice·

196 2289 244 2339 re,
271 2269 404 2340 postquam
425 2268 475 2326 ieie
493 2288 586 2340 parum
613 2280 755 2343 expurgat,
788 2289 850 2325 eon-

197 2370 349 2433 immarus,
374 2366 575 2438 verberatusque
595 2371 679 2440 eapite
691 2383 786 2438 poenas
801 2365 849 2421 sol·

155 2463 160 2472 '
187 2464 245 2530 uit.
281 2478 342 2518 nam
357 2462 381 2516 is
401 2463 467 2517 ciuis
485 2481 518 2518 ex
532 2464 607 2520 Latio
626 2473 689 2522 erat.
879 2457 884 2468 '

420 2557 492 2613 Car.
528 2560 627 2615 LXX.
695 2623 697 2628 ,

231 2652 281 2706 Per
298 2652 367 2705 idern
382 2659 484 2721 tempus
503 2653 650 2726 Bomilcar,
670 2656 743 2711 cuius
754 2653 850 2722 impul-

197 2746 226 2804 su
244 2745 371 2816 Iugurtha
387 2747 560 2812 deditionem,
588 2765 666 2817 quarn
687 2756 759 2804 metu
780 2747 849 2804 deie-

197 2845 265 2911 ruit,
283 2843 433 2910 inceperat,
450 2839 577 2909 suspeuus
590 2844 660 2911 regi,
681 2851 707 2897 et
719 2840 771 2912 ipse
788 2859 849 2898 eurn

196 2937 353 3012 suspiciens,
372 2953 454 2990 nouas
468 2949 510 2990 res
524 2954 634 3006 cupere:
655 2937 688 3004 ad
706 2939 850 3012 perniciem

198 3035 253 3090 eius
268 3034 356 3089 dolum
376 3048 512 3102 quaererer
533 3032 577 3088 diu
593 3033 722 3101 norruque
741 3031 848 3102 fatigare
