2204 3810
246 579 306 634 440
366 572 605 624 vnu1arns
655 571 786 622 uuor.
888 635 892 644 .

246 704 285 750 ras
301 701 399 762 putem.
436 673 504 746 Nm'n
521 691 594 748 misia
611 693 683 746 omni
701 693 894 746 machinatione
986 707 987 710 ’

246 780 333 834 iocum
353 780 389 832 ita
407 779 543 846 intelligo:
574 779 617 830 Ne
634 777 770 844 Iugurthae
788 780 897 842 legatum

245 863 446 934 pertimesceret:
465 882 522 914 nom
536 873 602 915 metu
610 862 693 930 pastio,
713 864 818 928 dentum,
835 881 896 930 quac

248 952 277 1002 in
293 967 345 1003 rem
351 951 455 1015 foreat,
474 951 549 1004 libere
563 947 736 1010 consulturum.
780 1001 784 1010 ,
832 979 836 988 ·

283 1067 313 1120 P.
326 1082 384 1120 221.
399 1066 417 1118 1.
430 1081 454 1118 r.
470 1062 629 1130 adtinuiffa]
667 1065 829 1132 Sioplurima
840 1078 896 1130 pars

152 1199 160 1210 .
249 1151 329 1210 MSS.
366 1150 408 1204 At.
422 1145 563 1219 munaida,
582 1150 616 1202 al.
629 1146 771 1219 detinuiffi.·
787 1149 828 1202 nt.
846 1147 897 1200 alio

249 1239 335 1291 modo.
362 1237 413 1290 Sed
426 1237 548 1300 adtinere,
568 1251 615 1302 pro
632 1238 738 1289 retinere
753 1243 798 1288 aut
806 1235 899 1284 morari

206 1345 208 1352 ¹
248 1322 373 1392 frequens
391 1323 461 1388 apud
478 1308 611 1374 Plautum·¹

284 1425 352 1478 ibid.
365 1424 383 1476 l.
395 1441 419 1488 9.
438 1421 511 1476 sicuti
530 1419 692 1488 voluerat,]
729 1421 772 1474 Sic
793 1421 899 1475 Gruteri

173 1517 176 1524 ’
251 1512 325 1564 codd.
342 1508 509 1574 Fabriciani,
529 1509 616 1561 Sonat.
628 1523 650 1562 1.
678 1507 739 1561 Vin.
750 1523 773 1560 1.
793 1507 898 1576 berger.

251 1593 341 1650 Guelf.
353 1597 377 1648 6.
390 1611 414 1660 9.
429 1609 520 1646 1o.12.
548 1592 660 1656 rediius,
679 1593 717 1647 vti
736 1592 836 1646 Cottius
854 1610 901 1660 pu-

250 1688 307 1743 tat,
327 1681 439 1742 ceteris,
459 1679 520 1746 qui:
540 1679 689 1732 voluerant:
710 1695 769 1730 curn
779 1677 901 1748 colloquii

251 1764 388 1819 arbitrium
403 1781 483 1832 penes
500 1781 581 1818 vnum
600 1763 700 1816 Sullam
721 1761 790 1817 eiiot.

286 1865 354 1920 Ibid.
366 1866 385 1919 l.
400 1882 440 1932 19.
458 1863 559 1920 sanitas
569 1865 609 1920 vir
627 1873 653 1920 ct
663 1883 696 1919 ex
705 1863 831 1920 sententia
850 1883 902 1920 am-

252 1952 359 2018 bobus]
394 1951 495 2019 Vulgo:
508 1941 610 2022 'sandius
621 1955 676 2016 vir,
692 1951 852 2014 exsertantia
863 1954 902 2030 in-

252 2047 295 2091 rot
308 2039 428 2090 ainbobus.
448 2037 519 2090 lllud
532 2053 594 2090 vero
604 2037 694 2106 Sonat.
710 2053 731 2090 1.
747 2045 776 2090 et·
787 2035 900 2102 Gucffo.

253 2124 313 2177 Vox
323 2125 407 2186 iurat,
427 2139 503 2194 quani
515 2122 542 2174 in
559 2119 611 2175 suis
620 2119 798 2189 transpositam
808 2125 904 2189 reperit

255 2209 399 2271 Gruterus,
421 2224 472 2270 non
490 2205 564 2260 ausus
590 2207 625 2260 est
646 2215 734 2261 tamen
756 2207 902 2266 exturbare.

184 2317 195 2342 ο
252 2293 317 2368 Sed,
332 2292 516 2346 vndeinuedia
526 2290 566 2357 fit,
579 2293 654 2352 docet
664 2292 774 2346 Cottius.
803 2293 904 2362 Nempe

256 2380 380 2450 quidam,
399 2377 553 2445 quidamvir
568 2377 682 2442 habent,
702 2379 826 2432 omittunt
841 2380 903 2444 vir,

255 2473 286 2520 vt
304 2462 392 2518 Guelf.
407 2469 429 2516 ιζ
449 2463 552 2516 Vratisl.
569 2479 592 2515 2.
618 2471 644 2519 et
662 2462 757 2516 Incert.
769 2479 792 2516 c.
824 2462 905 2516 Porro

257 2549 348 2605 Guelf,
369 2556 393 2603 6.
414 2567 439 2616 9.
462 2563 501 2600 11.
531 2545 703 2612 Fabriciani,
722 2555 756 2602 ,ετ
776 2548 864 2605 Senat.
881 2567 903 2604 1.

257 2639 328 2690 iurat
340 2631 441 2703 prorsus
452 2633 584 2690 omittunt.¹
621 2631 696 2686 Vnde
707 2641 778 2700 patet
788 2635 838 2688 hoc
848 2652 906 2696 ver·

256 2717 321 2776 bum
344 2729 431 2774 ortum
451 2717 499 2774 eii'e
523 2735 556 2778 ex
569 2719 630 2783 hio,
650 2719 754 2780 sandius
772 2721 813 2774 vir
832 2725 906 2776 etex

175 2854 178 2858 .
250 2808 398 2872 sententio:
426 2803 543 2858 librarios
567 2801 680 2870 scilicet,
707 2823 738 2858 ox
756 2810 801 2858 vir
822 2816 846 2858 et
868 2805 906 2860 fe-

259 2891 318 2948 ciffo
337 2893 413 2942 iurot.
451 2891 558 2944 Accedit
574 2889 709 2944 audieritas
726 2892 847 2950 Academ.
862 2891 906 2946 vbi

258 2977 388 3035 bubeium
408 2978 577 3058 internuncius
585 2975 654 3028 viret
660 2979 704 3026 vir
705 2975 808 3038 sandius
823 2987 846 3032 et
857 2985 904 3030 cet.

294 3079 360 3137 ibid.
373 3078 392 3130 l.
402 3094 444 3148 ¹22.
465 3083 490 3132 et
504 3076 639 3142 omnium,
659 3095 722 3148 quos
736 3079 822 3145 noui]
855 3078 907 3146 Ad·
