2198 3796
291 521 730 582 assentanei.
783 518 842 590 2⁶7

192 649 340 720 ignorantia
363 666 404 704 res
431 649 536 705 claudit.
584 648 681 705 Verum
707 651 845 718 occupauit

194 743 278 800 nescio
301 743 366 816 quiae
383 763 430 801 vos
455 747 563 814 torpedo
579 783 588 808 ‚
604 757 666 812 'qua
688 761 741 798 non
760 744 845 814 gloria

193 843 353 907 inocentii,
371 857 455 910 neque
467 840 585 909 flagitio:
611 839 754 908 cunttaque
771 855 847 909 prae·

193 932 260 991 fenti
283 938 389 1006 ignauia
415 935 549 990 mutastis:
576 933 679 990 abunde
696 935 845 992 libertatem

142 1049 154 1068 ²
192 1033 263 1098 rati,
281 1034 342 1104 quie
350 1033 428 1102 tergis
443 1030 601 1093 abstineant,
621 1036 647 1084 et
658 1031 760 1085 hucine
772 1032 845 1098 licet,

194 1133 222 1182 et
237 1127 318 1194 illuc,
337 1141 445 1181 munera
456 1125 549 1180 ditium
563 1125 734 1180 dominorum.
760 1125 845 1192 Atque

132 1232 136 1239 ·
194 1221 261 1280 hacc
280 1223 370 1276 eadem
391 1236 445 1274 non
461 1217 522 1274 sunt
541 1219 711 1288 agrpiiibusa·
730 1217 772 1274 sed
790 1235 847 1274 cae-

195 1316 295 1370 duntur
313 1317 383 1372 inter
403 1316 551 1385 potentium
570 1315 741 1380 inimicitias,
767 1317 847 1370 dono-

196 1425 247 1480 que
265 1413 360 1470 danim
372 1413 401 1466 in
413 1406 562 1481 prouincias
575 1409 772 1480 magistratibus.
805 1410 847 1466 Ita

195 1514 343 1576 pugnatur,
361 1515 389 1564 et
402 1507 518 1568 vincitur
530 1508 636 1576 paucis:
654 1507 753 1576 plebes,
767 1509 847 1578 quod·
894 1529 898 1540 ·

196 1605 434 1674 cumpescuit,
458 1621 505 1675 pro
523 1603 599 1658 vittis
620 1603 675 1671 est,
701 1611 728 1660 et
749 1605 779 1658 in
792 1604 847 1660 dies

194 1701 278 1770 magis
290 1703 358 1758 ecit:
384 1699 404 1755 sa
421 1702 527 1770 quidem
544 1700 641 1755 maiore
656 1712 717 1756 cusa
731 1700 848 1755 donuae·

195 1796 294 1852 tionem
313 1797 355 1852 illi
373 1797 547 1872 cetinucrint‚
566 1813 644 1865 quam
660 1813 707 1850 vos
719 1797 848 1865 repetiue·

195 1892 254 1954 citis
271 1891 427 1946 libertatem.

230 1985 367 2054 Postquam
383 1982 494 2052 egressus
510 1983 646 2052 angustias.
676 1979 783 2052 Meffiu.

231 2078 405 2149 Adcyzicum
423 2078 539 2156 pertexit
555 2075 672 2132 firmams
687 2078 776 2132 animi.
802 2078 848 2134 Ee

196 2173 287 2232 eodem·
519 2229 524 2246 ,
598 2179 601 2188 “

232 2270 268 2328 Vt
284 2267 406 2327 sustinere
424 2285 530 2339 corpora
545 2269 664 2339 plerique
677 2277 849 2338 nequeuntes,

52 2383 82 2402 ·’
195 2366 272 2436 feffi,
290 2385 361 2423 arma
372 2366 416 2424 sua
430 2365 642 2438 quisquestantes
656 2365 849 2422 incumberent.

196 2466 268 2522 Idam
288 2477 312 2520 ct
324 2467 436 2522 Seruius.

231 2560 270 2614 Ac
283 2559 367 2616 statim
383 2560 508 2634 fugitiui,
527 2565 617 2618 conce
628 2566 794 2629 praeceptum
805 2558 852 2612 du·
925 2565 930 2576 '

199 2655 253 2718 cis,
273 2669 364 2722 rapere
382 2658 414 2710 ad
428 2656 544 2725 stuprum
555 2656 687 2726 viminea,
709 2661 852 2709 maucnas·

197 2765 259 2818 que.
285 2750 396 2804 Nonius.

234 2844 336 2914 Quibus
359 2861 375 2898 a
399 2845 514 2902 Sertorio
534 2845 651 2914 triplices
676 2844 784 2902 insidiae
805 2861 852 2916 pet

199 2939 307 2996 idoneos
321 2938 398 2996 saltus
422 2940 518 3012 positae
534 2948 633 2998 erant:
663 2943 762 3010 prima,
786 2957 852 3015 quae
899 2934 901 2938 ’

198 3036 274 3094 fonte
291 3037 428 3094 venientes
446 3038 585 3108 exciperet.
612 3037 684 3093 Seru.
