2238 3800
259 491 320 550 260
390 491 783 556 siluestri

258 638 326 687 neo,
345 615 488 688 quaesoque
503 624 533 672 et
550 615 783 678 mimrooorertie3
802 633 854 674 nen
869 636 913 676 eo-

257 717 324 786 gatis
341 710 531 768 neoeffinubns
545 713 667 796 priuatim
683 713 750 768 milri
769 711 911 770 consedere.

258 808 410 880 Hispaniam
426 808 591 873 citeriorem,
609 822 736 880 qurenon
749 808 782 864 rb
795 809 912 866 hostibus

257 913 387 970 teretem,
408 919 457 958 noe
479 911 525 958 aut
542 903 672 957 Sertorius
696 905 729 958 ad
754 905 912 960 internecio·

256 1019 320 1061 nem
335 1000 512 1069 vqlleuimus3
537 1006 639 1067 praeter
650 1000 801 1054 maritumae
819 1000 912 1056 rinito-

256 1105 314 1165 ter,
332 1112 397 1167 quoe
405 1095 476 1151 ultro
489 1093 566 1148 nobis
578 1089 674 1149 sumlui
689 1095 822 1163 onerique.
849 1093 910 1148 Gel-

256 1193 295 1251 lia
309 1190 439 1263 superiore
451 1205 521 1244 anno
534 1185 645 1244 Metelli
662 1190 807 1246 exercitum
817 1188 911 1260 stipen-

257 1289 301 1346 dio
321 1288 504 1356 frumentoque
525 1284 606 1339 rime:
634 1291 662 1340 et
679 1301 751 1340 nune
766 1285 842 1342 malie
855 1285 911 1342 fm-

195 1415 203 1424 ·
257 1383 341 1438 itibus
355 1381 408 1452 ipsa
424 1383 472 1436 vix
489 1381 581 1449 agitat.
617 1377 674 1450 Ego
690 1397 744 1436 non
760 1397 816 1436 rem
835 1379 912 1443 frmi.

257 1479 348 1533 liarern
363 1477 454 1540 modo,
472 1491 565 1530 verum
578 1476 657 1530 etiam
674 1473 753 1532 lidem
776 1473 908 1537 conlurnfi.

238 1591 242 1621 r
258 1574 365 1644 Reliqui
381 1587 428 1626 vos
442 1569 518 1626 eliis:
537 1570 583 1640 qni
597 1565 646 1624 nili
658 1567 820 1638 lubuenifir,
839 1574 910 1628 inui-

255 1677 285 1726 to
303 1676 330 1723 et
350 1667 515 1740 praedicente
536 1683 594 1734 me,
623 1667 752 1722 ereroinre
775 1667 857 1732 hino,
882 1675 910 1724 et

150 1777 153 1785 ⁴
256 1781 318 1818 eum
338 1779 368 1818 eo
390 1780 467 1820 omne
483 1762 584 1818 bellurn
602 1759 742 1832 Hispaniae
759 1761 788 1816 in
805 1759 908 1816 iniiam

254 1861 484 1930 transgredientur.

291 1955 411 2026 Namque
429 1958 489 2026 hie,
509 1963 612 2028 praeter
625 1951 700 2010 solite
714 1951 812 2012 vitiose
826 1954 909 2024 megi·

151 2043 154 2051 ’
254 2049 392 2120 stratibus,
411 2069 471 2108 eum
483 2069 529 2122 per
545 2069 649 2108 omnem
663 2052 827 2120 prouinciam
843 2047 912 2116 inse-

255 2149 388 2204 cunditete
414 2150 516 2206 biennii
541 2146 664 2217 proxumi
692 2163 772 2217 gratu
794 2148 909 2216 pretium

253 2241 382 2300 frustibue
400 2243 469 2302 effer.
500 2247 571 2300 Non.
591 2244 675 2298 Graue
686 2243 802 2294 muitum

287 2338 325 2394 Hi
348 2321 634 2412 inebriaremur,
663 2344 721 2392 tum
739 2342 907 2390 externorum

253 2447 326 2502 egros
343 2433 480 2490 inuasere:
508 2433 684 2510 frumentique
700 2447 734 2486 ex
747 2430 837 2498 inopia
849 2445 907 2500 gre-

252 2527 370 2591 uisotias
382 2527 458 2583 free.
493 2530 582 2596 Idem,
600 2529 684 2582 Satias
699 2539 746 2596 pro
757 2526 873 2590 satietas.

293 2623 386 2694 Neque
409 2625 463 2678 inm
485 2622 602 2680 sustineri
626 2631 730 2692 poterat
753 2621 909 2681 immensum

252 2717 327 2774 nulio
341 2719 429 2786 mari,
448 2728 476 2776 et
490 2727 570 2775 vento
589 2717 718 2790 gliscenti.
748 2720 835 2785 lum,
853 2719 909 2772 Gli·

172 2803 178 2810 *
243 2812 338 2880 scitejl
354 2815 511 2883 congemuit,
528 2815 666 2882 colligitur,
677 2815 790 2884 ignescit,
808 2813 906 2878 crescit.

285 2909 324 2964 ile
346 2917 404 2966 tum
421 2927 563 2976 maxume,
590 2912 630 2966 vti
652 2909 716 2966 solet
735 2910 860 2965 extremis
877 2907 907 2962 ln

249 3004 344 3072 rebus,
362 3003 412 3063 libi
428 3007 537 3079 quisque
555 3004 719 3061 mriisumrnn
733 3006 804 3060 domi
822 3018 908 3060 reeor-
