2242 3800
327 545 716 598 lvaRTflu
794 507 903 610 n7¹

200 671 285 724 diebus
303 668 473 738 [proxumis]
501 671 581 724 decem
598 669 677 723 Italia
701 669 850 722 decederent.

199 763 296 820 Consul
308 765 430 820 Numidis
451 782 484 820 ex
504 767 594 820 Senati
611 766 714 820 decreto
733 765 853 820 nunciati

199 860 280 916 iubet.
317 861 354 915 ita
374 860 478 915 infestis
496 861 572 916 rebus
591 860 634 914 illi
652 862 758 914 domum
775 857 854 914 disce·

200 957 275 1012 dunt.
312 955 423 1010 Interim
434 956 606 1024 Calpurnius,
624 963 712 1022 parato
726 951 853 1021 exercitu,

200 1051 271 1120 legat
289 1049 338 1104 fibi
353 1049 473 1102 homines
493 1049 608 1114 nobilis,
632 1047 773 1113 inlitusve,
792 1064 855 1118 quo-

199 1163 261 1200 rum
278 1143 448 1208 autoritate,
473 1158 539 1211 quae
564 1135 725 1209 delituisset,
754 1145 856 1197 munita

200 1239 258 1293 sore
277 1237 416 1306 sperabat:
442 1237 472 1289 in
495 1237 552 1305 quis
565 1235 619 1290 suit
633 1237 762 1303 Scaurus,
781 1239 855 1292 cuiue

202 1334 235 1387 de
259 1341 352 1388 natura
378 1339 405 1388 et
427 1332 520 1386 habitu
541 1331 617 1402 supra
645 1333 875 1401 'tuentur-tuimur.¹

202 1429 271 1484 Nun
288 1431 318 1484 in
336 1427 447 1508 Consule
462 1426 547 1482 nostro
560 1428 658 1484 multae
669 1427 803 1500 bonaeque
816 1446 856 1483 ur-

201 1532 242 1580 tes
262 1527 344 1580 animi
371 1533 398 1581 et
420 1525 533 1594 corporis
556 1532 654 1580 erant:
685 1540 748 1593 ques
771 1525 858 1596 omnig

202 1623 313 1679 auaritia
321 1621 513 1691 praepediebat.
550 1622 653 1694 patiens
663 1619 793 1687 laborum,
803 1621 857 1678 acri
899 1639 901 1642 ’

203 1719 325 1788 ingenio,
350 1716 411 1774 sutis
424 1719 583 1788 prouidens,
607 1717 672 1772 belli
695 1717 764 1772 haud
783 1717 857 1786 igna-

202 1829 263 1880 rus,
280 1813 447 1868 {lenissumus
464 1819 555 1868 centn
570 1813 687 1881 pericula
704 1821 731 1868 et
741 1809 855 1890 infidi‘au

203 1909 257 1964 Sed
279 1908 396 1976 legiones
417 1924 464 1976 per
482 1907 586 1962 ltaliam
603 1908 754 1978 Rhegium,
780 1916 857 1979 atque
920 1901 922 1905 ’

203 2004 267 2056 inde
286 2001 422 2067 Siciliam,
439 2019 516 2069 porro
533 2019 567 2056 ex
586 2002 723 2056 Siciliain
741 1991 858 2058 Afric‘am

203 2094 376 2150 transueuae.
424 2095 510 2163 Igitur
527 2095 685 2162 Calpurnius
703 2099 796 2164 initio,
814 2113 861 2165 pa·

204 2191 268 2246 ratis
292 2189 496 2256 commeatibus,
525 2189 619 2242 aeriter
643 2189 797 2244 Numidiam
819 2193 860 2244 in·

204 2284 301 2356 gressus
321 2283 373 2353 est,
398 2285 495 2341 mutos
520 2283 653 2352 mortalis,
679 2292 706 2339 et
721 2283 793 2340 vrbis
813 2283 862 2337 nli-

206 2389 270 2452 quot
289 2383 431 2452 pugnando
449 2383 527 2453 eupit„

405 2480 479 2534 cun
515 2477 650 2534 XXIX.

243 2571 295 2626 Sed
311 2573 357 2626 vbi
371 2574 498 2642 Iugurtha
510 2591 557 2643 pet
571 2574 670 2644 legatos
682 2577 795 2644 pecunia
804 2581 863 2630 ten·

205 2674 279 2732 tare,
297 2667 434 2735 bellique,
452 2671 522 2736 quod
535 2671 750 2739 administrabat,
769 2669 863 2739 asperi-

206 2769 288 2818 tatem
307 2761 441 2816 ostendere
455 2764 557 2832 eoepit:
587 2765 689 2837 animus
706 2781 781 2834 aeger
803 2781 863 2822 aua·

159 2923 162 2928 ¹
206 2859 271 2913 titia
296 2857 376 2914 facile
400 2855 538 2912 conuersus
559 2857 603 2913 est.
641 2859 762 2916 Ceterum
779 2859 862 2916 socius

208 2962 235 3010 et
254 2954 402 3010 administer
421 2955 538 3009 omnium
560 2953 725 3010 eonfiliorum
752 2942 863 3013 adiutri-

209 3055 253 3107 tur
271 3051 403 3110 Scaurus:
434 3051 479 3122 qui
502 3049 602 3110 tametsi
616 3069 632 3106 a
645 3052 790 3122 principio,
807 3052 882 3124 ple-¹
