2224 3802
275 531 318 582 20
395 527 796 582 ssuavsrn
910 518 915 528 '

272 651 339 706 torii
359 651 458 706 ordinis
478 649 508 704 P.
526 650 653 706 Lentulus
674 651 758 718 Sum,
785 651 815 706 P.
834 644 928 708 Autro-

269 748 354 812 nius,
379 746 409 800 L.
424 744 520 801 eaffius
544 747 699 816 Longinus,
727 747 755 801 C.
775 747 928 818 Cethegus,

270 841 306 916 r.
321 850 348 897 et
366 841 473 898 Samius
493 843 600 909 Sullae,
628 842 714 899 Seruii
728 845 795 910 filii,
815 845 844 898 L.
865 845 929 900 Var-

268 939 416 1007 gunteius,
441 937 472 1004 Q.
493 929 615 1003 Annius,
634 939 675 992 Μ.
697 938 805 994 Porcius
824 939 926 1007 Laeca,

275 1031 305 1086 L.
317 1032 419 1099 Bestia,
438 1033 469 1099 Q.
483 1033 595 1088 Curius:
617 1042 749 1104 praeterea
767 1052 800 1090 ex
817 1034 928 1104 equestri

268 1131 366 1185 ordine
390 1129 432 1184 M.
448 1128 560 1186 Fuluius
575 1131 712 1195 Nobilior,
740 1131 769 1184 L.
785 1129 926 1197 Statilius,

273 1224 302 1280 P.
323 1226 450 1282 Gabinius
469 1227 580 1296 Capito,
609 1227 638 1282 C.
661 1227 815 1283 Cornelius:
843 1227 926 1284 adhoc
995 1291 998 1300 1

271 1311 351 1376 mrrlti
367 1339 402 1376 ex
418 1323 528 1378 coloniis
548 1331 575 1377 et
591 1324 759 1390 municipiis,
790 1325 860 1377 domi
879 1339 927 1376 no·

270 1414 348 1468 biles.
402 1415 485 1470 Erant
508 1426 640 1484 praetcrea
667 1418 812 1484 complures
836 1417 926 1486 paullo

233 1575 235 1582 y
272 1509 401 1566 occultius
425 1509 525 1566 consilii
552 1512 661 1564 huiusce
688 1512 828 1578 participes
851 1510 926 1563 nobi·

272 1605 327 1670 les,
347 1623 410 1675 quos
427 1607 509 1674 magis
524 1604 709 1659 donsinaticnis
729 1601 786 1672 spes
806 1605 926 1660 hortabat

272 1709 339 1766 tur,
368 1717 445 1770 quam
472 1702 584 1769 inopia,
612 1705 657 1753 aut
676 1698 734 1753 ulia
756 1697 923 1756 neceilitudo.

270 1797 394 1860 ¹Ceterum
419 1798 542 1852 iuuentus
566 1795 708 1865 pleraque,
733 1793 777 1851 sed
803 1811 925 1850 maxume

272 1891 418 1959 nobilium,
444 1891 571 1947 Catilinae
592 1892 703 1961 inceptis
724 1889 838 1948 fauebat.
867 1894 925 1962 qui·

272 1987 321 2042 bus
337 1989 366 2042 in
383 1989 436 2043 otio
458 1989 502 2044 vel
520 1985 676 2059 magnifice,
694 1988 738 2044 vel
750 1989 865 2044 molliter
883 1989 924 2043 vi·

271 2097 334 2147 uere
345 2085 418 2152 copia
429 2093 501 2152 orat,
518 2087 619 2142 incerte
636 2101 684 2154 pro
702 2087 788 2156 certis,
813 2085 922 2152 bellum,

271 2187 348 2249 quam
370 2197 479 2250 parem,
505 2183 646 2239 malebant.
695 2181 780 2238 Fuere
804 2183 869 2237 item
892 2197 923 2236 ea

270 2276 428 2346 tempestate,
450 2282 495 2349 qui
512 2283 647 2337 crederent
660 2279 702 2332 M.
711 2275 841 2330 Licinium
852 2271 923 2328 eras-

268 2369 329 2426 sum·
341 2391 394 2429 non
411 2374 530 2440 ignarum
548 2377 604 2428 eius
618 2369 719 2426 confilii
738 2367 839 2428 fiilios·
862 2368 923 2436 quia

267 2465 319 2521 Cn.
339 2466 478 2533 Pompeius
495 2466 594 2520 inuisus
613 2461 661 2531 ipsr
680 2477 802 2544 magnum
823 2462 922 2516 exerci·

155 2566 160 2577 ’
269 2569 326 2616 tum
344 2561 481 2626 irritabat,
509 2560 624 2614 cuiusuis
648 2574 710 2626 opes
733 2555 842 2614 voluiss‘e
856 2575 922 2616 cons

269 2665 311 2712 rra
332 2657 405 2711 illius
422 2657 565 2724 potentiam
588 2652 718 2709 cresceret
743 2651 819 2708 fimul
840 2651 921 2709 confi*

182 2745 185 2751 ’
269 2750 344 2819 sum,
370 2751 391 2806 fi
418 2752 562 2806 coniuratio
586 2747 722 2818 valuiffet,
749 2748 828 2804 Facsse
852 2749 921 2818 apud

270 2846 336 2922 illos,
351 2849 497 2917 principem
515 2843 540 2900 se
556 2846 620 2902 fore.

477 2943 549 2996 Cur.
577 2941 709 2998 XVlll.
875 3021 877 3024 Ι

274 3064 277 3072 ·
303 3037 356 3102 Sed
372 3047 448 3100 antec,
467 3040 531 3100 item
550 3040 719 3100 cauiumuere
734 3038 809 3108 pauci
829 3043 918 3094 contra
