2156 3808
295 523 372 608 nn
404 517 706 608 cn'rrnrnnllr
774 515 829 582 385

212 643 280 702 Ibid.
296 641 315 701 l.
337 658 378 702 rt.
404 657 558 698 maxumum
575 639 611 697 est
625 659 651 711 p.
670 641 713 710 qui
734 656 770 694 nr.
787 642 831 708 t]

178 733 211 784 iis
228 749 298 785 mox.
315 749 336 785 e.
348 744 375 800 p.
395 729 447 784 Sed
468 725 545 782 Basrl.
561 717 584 782 1¹.
605 725 830 782 Senatnfflranc.

178 814 345 884 Fabriciani,
370 814 479 880 Eccerd.
506 811 635 888 Guelf.n.
662 819 688 868 et
710 813 752 867 ed.
777 817 847 866 vet..

178 915 322 970 pronomen
339 901 475 957 omittunt.
526 899 531 910 '

211 1000 280 1058 Ibid.
301 1003 320 1056 l.
333 1005 374 1056 16.
397 998 566 1066 hortanturt]
583 995 689 1068 Vulgo:
707 1015 746 1056 me
763 1003 830 1062 hort.

170 1086 325 1149 Pronomon
342 1084 412 1140 delet
429 1085 602 1151 Struuienus,
616 1085 685 1154 quod
702 1086 755 1140 iarn
764 1087 834 1146 Gru·
893 1144 895 1148 ,

178 1178 234 1227 tero
250 1169 367 1226 odiosum
386 1168 448 1228 fuit.

214 1272 282 1325 Ibid.
297 1271 316 1324 l.
331 1285 371 1338 19.
390 1263 537 1340 ¹prohibent
556 1235 712 1340 inglutire]
746 1269 833 1342 Vulgo

179 1357 282 1414 additur
292 1357 360 1422 loci,
379 1357 512 1430 quodnon
526 1356 693 1424 comparetin
705 1355 793 1412 Guelfi
806 1370 831 1424 3.
869 1379 874 1406 ι

213 1456 273 1527 Peg.
289 1471 330 1526 74.
343 1457 361 1512 l.
376 1461 402 1522 6.
420 1457 461 1512 vti
480 1458 603 1525 planities
628 1464 683 1512 eret
700 1455 831 1513 interlin.

109 1545 112 1552 '
178 1543 284 1609 montis,
300 1549 327 1598 et
344 1539 379 1596 ab¹
391 1544 416 1597 d.
429 1557 494 1611 rupe
508 1539 595 1612 aspera
605 1543 627 1608 ‚]
645 1540 704 1614 ‘Ite
724 1542 833 1612 plurimi

178 1627 321 1696 optimique
339 1626 413 1683 codd.
440 1627 576 1698 inquibus
592 1632 681 1681 trrnen
698 1628 833 1684 interdum
938 1689 940 1692 ¹

178 1725 268 1768 monus
278 1712 440 1768 emendatrix
454 1711 571 1767 mutauit
583 1727 665 1782 rupes,
682 1713 752 1782 quod
767 1715 833 1768 etin

178 1797 212 1852 al.
231 1799 305 1854 ondd.
323 1797 432 1853 viliter:
463 1799 491 1851 id
517 1797 547 1850 in
568 1796 615 1850 isto
633 1797 760 1852 llrudtura
771 1797 834 1854 cori-

180 1897 290 1951 ooquere
309 1882 402 1950 nequir
421 1874 543 1946 eortius,
563 1882 684 1948 quemuis
704 1871 781 1935 aliter
792 1881 833 1935 vi·

178 1964 235 2021 sum
255 1954 374 2020 Grutero‘.
411 1961 474 2039 Ego
487 1963 601 2018 alterum
620 1981 675 2020 non
692 1963 832 2033 intelligo,

180 2057 206 2105 et
216 2066 281 2118 quae
300 2048 421 2117 exempla
439 2051 471 2103 nd
487 2047 669 2104 illustrandum
682 2047 833 2104 hobetCor·

179 2135 250 2200 tius,
278 2149 308 2188 ea
327 2132 395 2188 aliur
414 2131 517 2204 prorsus
537 2139 646 2188 naturae
665 2129 740 2188 sunt·
783 2133 832 2190 Le·

179 2211 295 2288 gendum
318 2218 411 2286 opinor
439 2219 567 2272 dexteram
589 2231 676 2286 rupem
701 2217 831 2288 asperam,

180 2311 235 2370 aut,
254 2303 370 2358 adextro
387 2316 474 2372 rupem
488 2303 616 2371 olpertum,
642 2307 673 2358 vt
693 2318 707 2357 e
726 2320 833 2372 praepo·

178 2387 272 2444 fitione
306 2391 373 2442 inter
398 2405 429 2443 en
454 2403 558 2460 quoque
582 2387 663 2443 uerba
691 2389 831 2458 pendeant.

150 2483 161 2501 '
179 2475 268 2544 Atque
290 2476 328 2528 ita
342 2476 372 2528 in
392 2474 528 2529 nonnullis
544 2471 594 2530 else
612 2473 740 2529 Gruterus
754 2471 834 2529 testa-

179 2566 231 2614 tur.
268 2559 426 2614 Postrenunn
443 2560 523 2615 habet
541 2560 582 2614 ed.
603 2559 678 2614 Ronr.
692 2573 768 2625 1470.
791 2591 793 2596 ·

183 2672 186 2680 ’
214 2660 244 2714 Ρ.
259 2676 302 2728 75.
324 2661 342 2715 1.
358 2674 382 2728 3.
413 2679 472 2716 oum
492 2676 586 2730 magna
612 2659 694 2730 gloria
721 2659 831 2728 fluerat]

180 2743 285 2816 Vulg03
304 2749 332 2800 in
349 2749 461 2799 exercitu
470 2747 502 2814 f.
522 2749 649 2820 eanvoeer
660 2743 761 2799 sensum
776 2761 831 2800 non

181 2829 319 2900 exposcere
329 2839 400 2885 ratus
409 2831 509 2885 deleuit
518 2829 638 2885 Cortiur:
653 2835 680 2884 et
690 2827 777 2886 Guell.
788 2847 828 2886 12.

179 2915 302 2986 primitus
320 2933 374 2969 non
392 2915 493 2971 habuit.

214 3017 244 3072 P.
255 3022 297 3086 76.
310 3017 527 3088 iriaugreditur]
553 3015 657 3090 Vulgo:
675 3026 780 3080 coeteros
786 3017 831 3072 od-

427 3099 530 3214 kBb
