2242 3800
366 490 747 546 IVGVRTHA·
826 491 879 552 131

233 614 325 670 ilionis
338 614 470 684 perpulit,
487 614 540 680 vti,
554 613 647 669 relicto
660 611 781 679 Suthule,
799 611 827 664 in
838 611 883 664 ab·

232 711 298 766 ditae
319 711 439 780 regiones
459 708 524 774 sese,
543 710 628 766 veluti
647 709 799 776 cedentem,
817 704 884 761 inse-

232 813 362 875 queretur.
399 806 503 861 Interea
519 822 566 874 per
581 797 699 860 homines
714 805 821 860 callidos
840 803 883 858 dic
957 879 960 884 Ι

231 900 360 969 noctuque
378 901 523 954 exercitum
545 900 683 955 tentabat:
717 901 883 956 centuriones

231 998 361 1064 ducesque
378 1002 542 1058 turmarum,
567 996 661 1063 partim
679 995 719 1049 nti
736 993 884 1063 transfuge.

230 1098 307 1154 rent,
327 1087 555 1153 [corrumpere3]
575 1087 638 1150 alii,
656 1085 727 1154 figno
741 1089 819 1151 dato,
846 1087 885 1140 lo-

145 1183 151 1193 ’
232 1201 292 1238 cum
311 1181 351 1235 vti
372 1177 526 1232 desererent«
574 1181 611 1233 ita
630 1179 724 1233 delidtn
742 1180 884 1234 occultiora

231 1275 297 1330 fore.
334 1274 406 1338 Quae
426 1270 558 1340 pcstquam
571 1290 604 1328 ex
621 1271 749 1328 sententia
762 1273 883 1337 instruite

231 1368 384 1438 intempesta
402 1366 495 1434 noce,
514 1368 546 1422 de
564 1367 703 1438 improuiso
714 1369 883 1428 multitudine

151 1506 153 1510 .
231 1467 404 1522 Numidarum
424 1457 487 1518 Auli
507 1463 586 1520 castra
606 1466 786 1521 circumuenit.
828 1467 885 1521 Mi·

231 1564 291 1618 lites
304 1559 433 1627 Romani,
451 1560 566 1618 tumultu
578 1558 689 1632 perculsi
704 1559 827 1628 insolitu,
845 1579 885 1616 ara·

231 1675 274 1713 ma
289 1675 379 1727 capere
392 1657 458 1723 alii,
477 1657 521 1710 alii
533 1653 565 1712 se·
577 1657 688 1723 abdere,
707 1673 765 1726 pars
781 1659 885 1712 territos

232 1752 404 1814 confirmaret
430 1753 559 1822 trepidare
577 1753 698 1808 omnibus
722 1752 813 1808 lucis:
842 1753 883 1806 vis

230 1863 324 1916 magne
346 1846 473 1913 hostium,
493 1848 595 1902 coelum
616 1848 691 1902 noete
708 1855 785 1918 atque
809 1847 884 1902 nubi-
913 1889 919 1898 .

232 1945 280 1999 bus
301 1940 490 2002 obscuratum
517 1942 664 2010 periculum
691 1960 809 2014 anceps:
838 1961 885 2014 po-

231 2036 323 2093 stremo
342 2033 450 2102 fugere,
470 2050 503 2088 an
520 2053 642 2103 manere,
660 2039 742 2094 tutius
751 2039 838 2107 foret,
854 2042 884 2096 in

230 2132 406 2190 incertoerat
444 2127 495 2182 Sed
514 2146 547 2182 cx
562 2147 720 2199 cucumere,
738 2137 884 2206 quospaul·
912 2185 917 2192 ,
949 2177 953 2188 .

230 2220 257 2286 ln
276 2233 336 2281 ante
355 2229 489 2294 corruptos
506 2225 637 2292 diximus,
664 2229 755 2282 cohors
776 2246 828 2283 vna
841 2230 884 2284 Li-

231 2338 343 2394 purum,
374 2337 433 2376 cum
450 2319 550 2376 duabus
565 2323 658 2377 turmis
683 2322 839 2392 Thracum,
858 2332 884 2380 et

230 2421 319 2486 paucis
332 2419 456 2488 gregariis
474 2417 620 2486 militibus,
645 2417 769 2486 transiere
791 2421 823 2472 ad
843 2436 884 2474 re·
992 2403 1000 2420 ³

231 2527 311 2578 gem:
336 2521 363 2568 et
381 2515 499 2568 centurio
518 2492 597 2583 primi
620 2513 668 2586 pili
689 2516 782 2586 tertiae
803 2513 885 2584 legio-

231 2605 274 2664 nis
294 2621 341 2672 per
358 2607 550 2674 munitionem,
575 2626 669 2678 quam,
698 2612 738 2666 vti
762 2608 886 2666 defende-

132 2761 137 2776 ,
230 2703 288 2765 ret,
313 2706 469 2766 acceperet,
494 2701 582 2756 locum
601 2683 715 2760 hostibus
733 2705 883 2761 introeundi

231 2794 331 2864 dedit:
370 2807 450 2861 eaque
472 2794 608 2872 ¹Numidae
638 2799 724 2852 cunni
756 2800 882 2870 irrupere.

230 2889 317 2956 ¹Nostri
332 2887 409 2944 foeda
426 2888 507 2958 firge,
525 2889 644 2966 plerique
667 2893 775 2948 abiedtic
787 2897 880 2964 annis,

230 2997 387 3059 proxumum
406 2983 501 3052 collem
525 2999 692 3057 occupauere.
728 2980 789 3044 Nox
805 2998 881 3064 etque
