2228 3800
255 511 308 558 xrr
388 491 755 560 tunutnrlo

245 640 298 732 ⁴illi
310 652 447 716 caueant,
467 643 604 706 inducere
620 643 695 722 ipsa,
717 665 761 718 ac,
784 645 835 708 nisr
851 647 901 726 qui

254 772 369 853 ungulis
388 793 482 836 rerunt
496 777 650 837 momentis
674 778 749 838 inter
767 775 795 838 se
814 777 902 841 colla-

254 907 292 969 tis
309 906 512 985 expensasque,
526 908 739 985 computando,
760 921 823 970 vtra
836 908 901 988 plut

254 1039 383 1114 valeant,
404 1037 547 1111 effecerit,
569 1037 670 1100 versari
685 1040 716 1100 in
732 1040 787 1102 hac
807 1045 838 1104 r'e
857 1053 901 1104 tu·

253 1186 286 1237 to
298 1172 444 1236 neminem
458 1169 553 1249 poffe,
575 1169 657 1249 saepe
672 1173 788 1235 auribus
812 1186 842 1236 et
857 1175 901 1236 in-

253 1306 339 1386 genio
361 1304 456 1366 minus
475 1315 574 1364 contra
599 1303 732 1366 codicum
750 1304 837 1366 fidem
857 1306 902 1366 in.

180 1451 183 1458 ’
253 1435 386 1500 dulsrffet.
415 1434 610 1496 Veruntamen
624 1435 695 1496 haec
709 1409 818 1510 artaque
838 1433 901 1510 plu.

252 1591 284 1634 ra
298 1582 442 1644 utcunque
454 1565 637 1637 viderentur,
652 1547 719 1626 ¹nun
732 1579 828 1630 tamen
840 1569 902 1631 exi·

252 1700 401 1766 stimabam
417 1715 482 1770 me,
510 1708 610 1757 eontra
635 1709 731 1759 tantae
751 1701 901 1764 auctorita.

252 1836 290 1899 tis
317 1834 428 1904 virum,
460 1810 615 1905 quidquar'n
641 1827 699 1890 fine
726 1833 900 1908 arrogantiae

184 1961 185 1968 '
252 1965 347 2044 specie
362 1972 552 2034 nouatururn,
573 1977 608 2020 eo
625 1962 737 2036 minus,
762 1965 839 2041 quod
857 1985 900 2027 ar.

252 2099 293 2160 ἀί
312 2094 438 2168 limites,
467 2091 568 2169 quibus
592 2111 664 2170 opus
686 2096 900 2160 terminandum

253 2229 403 2300 viderem,
431 2225 575 2300 rationes,
603 2226 644 2286 vti
667 2235 717 2303 par
743 2241 821 2302 erat,
850 2247 901 2290 ex·
963 2292 973 2316 s

252 2356 378 2440 plicandi
397 2356 511 2432 copiam
524 2375 557 2418 ac
572 2355 735 2420 facultatem
749 2373 896 2438 negarent.

303 2487 396 2552 Subiit
414 2487 532 2564 quidem
549 2487 721 2566 aliquando,
752 2491 899 2572 possquam

185 2635 187 2645 '
251 2622 283 2685 id
299 2618 406 2682 confilii
425 2604 602 2694 abieciffem‚
632 2641 725 2700 neque
747 2637 842 2686 tamen
860 2625 900 2688 le·

252 2755 356 2818 &ionis
375 2751 480 2824 solam,
499 2751 557 2812 fine
579 2753 705 2826 iudicio,
730 2759 896 2819 varietatem

250 2886 318 2967 satis
331 2903 396 2948 curn
412 2883 504 2946 fructu
529 2903 575 2944 rne
592 2885 785 2962 expnfiturunr
808 2887 898 2964 spera.

252 3035 335 3094 rem,
355 3016 450 3080 addita
467 3015 560 3078 ubiuis
581 3014 662 3078 breui
680 3005 913 3082 commentatio-'⁷
