2242 3800
341 528 730 584 ianuarum·
804 511 859 590 1'37

216 654 268 708 iton
284 653 402 711 acerbius
418 651 507 708 ulcisci
519 653 621 708 volunt.
659 651 710 708 Sed
727 651 761 704 de
773 647 862 704 stallis

215 751 327 820 partium
344 757 370 804 et
385 747 505 802 omnihus
522 747 635 804 ciuitatis
651 746 765 810 moribus
779 741 797 798 lr
813 742 864 800 sin-

215 846 339 913 gulatim,
358 854 402 902 aut
417 861 464 912 pro
483 844 662 912 magnitudine
681 859 768 910 parem
790 838 864 894 dille·

214 956 289 1006 rere‚
307 949 425 1009 tempus,
444 955 521 1008 quam
533 955 590 1002 res,
616 937 741 990 maturius
756 934 861 990 deserat.

216 1033 389 1100 Quamobrem
407 1035 439 1086 ad
456 1034 590 1099 inceptum
607 1031 696 1082 redeo.

305 1139 316 1150 '¹
416 1127 489 1179 Car.
525 1121 655 1176 XLIII.

135 1204 137 1208 ⁵
251 1217 309 1275 Poll
328 1219 392 1274 Auli
410 1217 501 1272 foedus
517 1209 792 1284 exercitusquenostri
810 1215 886 1270 foe-⁴

217 1318 276 1371 dam
291 1313 395 1383 lugam,
415 1313 446 1378 Q.
460 1311 587 1366 Metellus
600 1310 676 1364 etlll.
687 1310 789 1364 Silanus
799 1311 866 1365 Con·

216 1408 283 1465 iules
304 1408 428 1479 dedignati
449 1407 633 1478 [prouincias]
661 1406 730 1461 inter
747 1402 773 1460 se
793 1422 866 1474 para·
896 1455 899 1460 .

217 1514 327 1566 nerunt:
348 1505 510 1575 Metelloque
522 1503 648 1558 Numidia
663 1509 794 1566 euenerat,
812 1503 865 1556 acri
944 1501 947 1508 '

177 1595 181 1606 '
216 1603 293 1669 uiro,
313 1610 339 1658 et
353 1605 507 1672 quamquam
523 1597 627 1654 aduorso
645 1597 734 1667 populi
744 1598 866 1665 partium,

17 1697 18 1732 ῐ
217 1696 287 1752 fama
306 1707 393 1754 tamen
412 1697 542 1768 aequabili
559 1703 592 1750 et·
605 1693 739 1750 inqulata.
776 1691 802 1746 ls
820 1691 867 1748 vbi

178 1800 181 1806 '
217 1793 332 1860 primum
340 1788 646 1862 magistratumingrellus
661 1789 704 1854 est,
718 1788 769 1842 alia
779 1788 867 1845 omnia

217 1885 266 1962 fibi
289 1905 348 1942 oum
369 1889 468 1956 collega
486 1894 577 1952 ratus,
604 1886 636 1938 ad
653 1884 778 1949 bellum.
798 1883 866 1953 quod
968 1892 969 1906 ¹

218 1982 333 2052 gesturus
347 1989 421 2047 erat,
438 1983 554 2034 anImum
565 1979 687 2038 Intendit.
723 1978 807 2048 Igitur
817 1977 867 2036 dif-v

204 2075 303 2133 Iidem
328 2075 413 2130 veteri
435 2075 586 2139 exercitui,
614 2073 710 2128 milites
738 2073 866 2142 seribere,
978 2073 981 2079 ’

177 2171 180 2176 ’
217 2167 343 2242 uraefidia
360 2171 476 2238 vnIIque
500 2166 643 2222 arcellare:
679 2157 767 2234 arma,
795 2170 867 2235 tela,
904 2229 907 2233 ,
968 2193 970 2198 ,

220 2284 316 2337 equos,
336 2273 422 2333 cetera
438 2263 607 2320 instrumenta
629 2262 740 2318 militiae
758 2279 867 2332 parare:
960 2310 966 2322 .

166 2377 168 2380 ·
219 2364 310 2418 adhoc
321 2369 491 2419 commeatum
506 2359 626 2415 affafim:
644 2355 759 2429 denique
767 2359 867 2424 omnia,

221 2475 285 2526 quae
298 2458 368 2512 bello
384 2459 457 2514 vario
474 2465 500 2512 et
523 2457 664 2512 multarum
681 2472 768 2512 rerum
783 2454 869 2522 egenti
920 2531 923 2536 Δ
984 2429 988 2436 ⁵

220 2549 276 2604 vini
298 2550 347 2604 elle
361 2549 452 2607 solent.
504 2553 625 2608 Ceterum
645 2553 677 2606 ad
693 2567 727 2613 ,ea
747 2533 874 2617 pananm'

132 2656 136 2662 '
222 2644 312 2698 Senati
327 2637 554 2700 auetoritate'locii
572 2661 718 2714 nomenque
730 2645 869 2712 Latiarum,

221 2755 294 2808 reges
312 2738 381 2793 ultro
398 2738 495 2792 auxilia
509 2741 632 2794 mittere:
649 2738 774 2805 postremo
787 2739 870 2808 omnis

223 2835 315 2890 ciuitas
332 2831 431 2888 summo
450 2831 532 2888 studio
552 2832 724 2886 adnitebatur.
760 2832 869 2902 Itaque,

222 2947 256 2986 ex
271 2929 399 2986 sententia
421 2927 542 2983 omnibus
559 2927 635 2982 rebus
652 2928 746 2996 quatis
769 2943 872 2997 compo-

211 3023 347 3095 ditisque,
366 3025 394 3080 ln
406 3023 557 3086 Numidiam
574 3021 761 3094 proficiscitur,
779 3041 871 3094 magna
