2226 3784
345 543 872 614 rvovnrnn.1o7

217 689 273 729 enm
291 673 384 728 ludum
405 681 432 728 et
450 671 582 728 lasciuiam
598 673 696 752 magis,
724 687 801 744 quam
817 665 874 728 iorss'
983 745 986 752 γ

215 771 342 824 midinem
359 768 512 825 ostentabat.
550 768 601 822 Sed
621 767 667 820 vbi
682 774 784 836 ternpus
800 767 870 834 fuit,

217 867 381 920 centuriones
396 864 568 932 tribunosque
583 862 724 929 militares,
749 871 776 919 et
788 862 870 933 ipsum

216 960 376 1030 praefectum
397 961 486 1030 oppidi
507 959 543 1030 T.
561 957 715 1026 Turpilium·
736 958 869 1024 Silanum,

217 1053 283 1110 nlius
299 1056 381 1110 aliurn
394 1057 489 1109 'domos
503 1052 561 1108 suas
570 1053 701 1106 inuitant:
721 1069 763 1106 eos
776 1054 870 1119 omnis}

217 1158 319 1218 praeter
335 1149 506 1219 Turpilium,
518 1150 587 1203 inter
597 1148 686 1218 epulas
697 1147 869 1203 obtruncant:

115 1251 121 1257 “
217 1242 304 1315 postea
320 1245 417 1300 milites
429 1243 556 1314 palantis,
575 1245 704 1308 inermos,
728 1244 825 1312 quippe
840 1243 869 1298 in

218 1317 266 1392 t‘aii
297 1339 339 1394 die
370 1356 400 1395 ac
425 1338 480 1394 fine
511 1339 645 1408 imperio,
675 1339 867 1424 adgrediuntur.

218 1428 291 1489 Idem
311 1434 401 1504 plebes
426 1434 511 1502 facit,
537 1451 595 1504 pars
619 1431 702 1488 edulii
726 1430 758 1488 ab
777 1432 871 1488 nobili·

216 1535 284 1598 tate,
303 1531 348 1585 alii
360 1531 443 1586 studio
459 1531 553 1586 talium
569 1545 656 1584 rerum
669 1529 791 1585 incitati:
811 1530 869 1598 quis

216 1625 273 1680 aeia
282 1625 468 1698 confiliumque
478 1611 803 1697 ignorantibus'tumulbus
817 1623 868 1696 ipse

214 1730 242 1779 et
257 1739 297 1778 res
315 1739 399 1779 nouae
417 1721 477 1778 satis
492 1720 639 1792 placebant.

410 1819 484 1877 cnr.
521 1807 656 1872 LXVII'.

215 1897 219 1902 “
248 1911 360 1977 noman
374 1914 493 1979 milites,
511 1909 650 1982 inprouiso
667 1917 755 1978 meu,
775 1912 869 1968 urerer

172 2031 175 2044 ·
215 2007 373 2076 ignarique,
402 2008 466 2076 quid
481 2005 648 2077 potillumum
662 2005 794 2074 fecerent,
817 2015 869 2064 tre-

216 2103 306 2181 pidare
321 2103 353 2156 ad
365 2117 452 2156 arcem
467 2103 574 2172 oppidi,
599 2101 645 2158 vbi
664 2099 736 2172 ligna
754 2111 780 2158 et
797 2101 868 2160 scuta

216 2205 305 2252 erant:
323 2195 479 2267 praefidium
496 2196 615 2264 hostiurn,
629 2205 719 2266 portae
729 2207 789 2254 ante
800 2199 870 2254 clau-

214 2289 256 2349 sae
278 2293 368 2366 fugam
388 2291 565 2364 prohibebant
582 2310 588 2346 :
619 2293 721 2348 adhoc
746 2294 868 2349 mulieres

213 2375 341 2462 puerique
365 2408 413 2460 pro
437 2389 513 2448 testis
539 2380 717 2445 aedificiorum
739 2387 816 2456 sara,
842 2397 869 2444 et

216 2485 283 2552 alia,
310 2503 375 2555 quae
392 2485 464 2542 locrus
481 2484 640 2558 praebebat,
671 2486 789 2541 certatim
808 2485 869 2540 nnit-

214 2585 279 2635 tere.
315 2581 356 2635 Ita
371 2599 454 2650 neque
475 2581 561 2637 caueri
575 2597 669 2650 anceps
687 2579 804 2645 malum,
820 2587 869 2634 'ne-

215 2690 267 2746 que
283 2689 298 2726 a
312 2672 463 2730 fortissumis
478 2675 657 2731 infirmiiiumo
677 2677 766 2746 generi
789 2673 868 2731 resisti

213 2767 303 2840 poise:
330 2771 405 2824 imita
420 2769 483 2824 boni
501 2771 632 2842 malique,
658 2771 755 2826 strenui
773 2779 800 2826 et
819 2771 868 2826 im·

213 2865 297 2921 belles
314 2865 396 2920 inulti
412 2865 568 2921 obtruncati.
605 2868 638 2925 In
653 2883 683 2922 ea
702 2873 775 2921 tanta
798 2863 867 2934 alpe·

213 2963 308 3030 ritate,
327 2959 484 3018 saeuissumis
504 2961 626 3020 Numidis
640 2970 667 3017 et
679 2959 774 3030 oppido
791 2961 867 3014 vndi-

213 3073 264 3128 que
290 3057 402 3127 clauso,
431 3057 569 3129 Turpilius
593 3075 662 3115 unus
681 3053 721 3110 ‘ex
746 3055 866 3110 omnibus
