2236 3800
251 482 308 550 ¹58
382 485 772 539 sauuvs‘rn

246 606 329 680 greffu
345 607 469 664 acuent.
506 607 664 676 quibus-illi
683 607 761 675 freti,
778 625 852 676 non,
868 619 899 666 vt

214 739 220 745 -
246 703 355 775 equestri
370 703 468 774 praelio
483 701 566 770 solet,
593 702 682 774 sequi,
712 705 771 758 dein
788 708 896 768 ceierae

245 799 288 856 led
305 797 417 854 aduorfis
436 799 508 868 equis
527 815 699 865 concurrere,
718 800 852 870 implicare
867 817 897 856 ao

159 906 165 911 ·
195 965 197 975 ⁴
245 895 396 967 perturbare
424 895 526 950 aciem:
554 897 591 950 ita
612 881 740 966 expeditis
765 896 897 966 peditibus

244 991 315 1059 suls,
333 991 412 1047 hostis
430 1007 513 1062 paene
533 991 616 1047 viitos
637 993 705 1047 dare.
725 1044 729 1058 ,

396 1063 403 1080 ’
489 1087 562 1144 Gar.
598 1087 661 1142 LX.

279 1184 380 1240 Eodem
398 1192 522 1254 tempore
533 1185 602 1254 apud
626 1183 735 1238 Zamam
753 1201 848 1255 magna
869 1185 898 1241 vi

246 1282 400 1336 certabatur.
437 1281 488 1336 Vbi
506 1280 743 1350 quisquelegatus‚
763 1281 912 1355 auttribug

243 1377 428 1440 aucurrebat,
448 1393 477 1430 eo
488 1392 622 1430 acerrume
642 1377 710 1436 uitia
729 1393 814 1444 neque
831 1378 898 1431 alius

243 1469 272 1521 in
290 1469 341 1520 alio
365 1470 463 1536 megia,
482 1485 558 1537 quam
579 1470 608 1522 in
627 1466 677 1522 sese
692 1468 763 1535 spem
784 1472 896 1524 habere:

243 1563 339 1632 pariter
356 1563 480 1631 oppidapi
496 1578 581 1631 agere.
617 1577 782 1629 oppugnare,
800 1572 898 1634 autpe-

244 1671 301 1712 rare
320 1656 440 1710 omnibus
462 1655 545 1710 locis:
569 1655 671 1709 auidius
698 1656 774 1709 alteri
793 1656 896 1712 alteror

244 1750 376 1817 sauciare,
402 1767 483 1820 quam¹
495 1749 575 1805 seruet
592 1757 688 1818 tegere.
725 1749 822 1804 clamor
838 1767 896 1820 per·
934 1789 937 1806 i

242 1835 340 1904 ruixtuu
361 1847 524 1918 hortatione,
540 1846 660 1908 herilia,
688 1846 803 1915 gemitu:
831 1847 896 1902 item

241 1943 361 2012 strepitus
388 1957 518 1996 umorum
544 1944 577 1997 ad
603 1941 705 1997 coelom
734 1941 815 2012 ferri:
842 1943 897 1998 tela

242 2040 373 2107 utrimque
387 2038 486 2130 volare.
523 2039 574 2094 Sed
590 2039 651 2105 illi,
670 2039 714 2109 qui
732 2041 834 2094 moenia
852 2042 897 2095 de-

242 2131 396 2200 fensabant,
413 2134 460 2191 vbi
479 2134 562 2190 hostes
584 2134 730 2204 paullulum
753 2137 829 2190 modo
848 2150 897 2207 pu·

243 2245 319 2300 guam
340 2230 506 2297 remiserant,
524 2232 621 2286 intenti
638 2231 766 2298 praelium
781 2229 895 2299 equestre
994 2299 1004 2309 ,

242 2323 443 2396 prospestabant
480 2343 542 2391 eos,
559 2327 598 2380 vti
619 2327 734 2392 quaeque
754 2324 895 2392 Iugurthae

237 2439 282 2478 -res
315 2430 406 2489 erant,
434 2422 516 2476 laetos
547 2419 648 2484 modo,
684 2419 894 2487 modo,pauidoe
967 2491 973 2504 ι

243 2520 479 2574 animaduerteres:
505 2531 553 2581 ao,
583 2512 658 2568 ficati
682 2515 766 2570 audiri
789 2532 804 2568 a
824 2513 904 2583 luis,

243 2623 288 2670 aut
299 2616 369 2670 aemi
384 2612 502 2684 polleat,
520 2627 626 2666 monere
640 2610 704 2676 alii,
723 2609 769 2664 alii
779 2612 894 2678 hortari,

241 2719 287 2766 aut
313 2727 392 2766 manu
410 2705 572 2779 significare,
590 2716 635 2762 aut
654 2708 704 2764 aiii
724 2707 893 2776 corporibus,

158 2831 161 2838 ¹
242 2817 269 2862 et
283 2808 353 2874 huo,
371 2806 461 2872 illue,
473 2801 542 2875 quaa
561 2804 716 2870 vitabundi,
737 2809 782 2858 aut
798 2804 894 2857 iacien-

241 2911 282 2958 tes
300 2903 371 2968 tela,
388 2903 493 2970 agitare.
530 2899 606 2966 Quod
628 2900 674 2955 vbi
696 2899 784 2962 Mario
806 2898 894 2968 cogni-

243 3005 300 3050 tum
317 2996 354 3052 est
372 2996 453 3064 [uara
469 2997 533 3052 isin
553 3013 584 3052 ea
601 3005 673 3066 parte
688 2993 813 3062 curabat]
832 3009 894 3048 oon-

1115 2011 1117 2092 l

1116 2099 1117 2184 l
