<?xml version="1.0" encoding="UTF-8"?>
<!DOCTYPE html PUBLIC "-//W3C//DTD XHTML 1.0 Transitional//EN"
    "http://www.w3.org/TR/xhtml1/DTD/xhtml1-transitional.dtd">
<html xmlns="http://www.w3.org/1999/xhtml" xml:lang="en" lang="en">
 <head>
  <title>
</title>
<meta http-equiv="Content-Type" content="text/html;charset=utf-8" />
  <meta name='ocr-system' content='tesseract 3.04.00' />
  <meta name='ocr-capabilities' content='ocr_page ocr_carea ocr_par ocr_line ocrx_word'/>
</head>
<body>
  <div class='ocr_page' id='page_1' title='image "./caiicrispisallv00sallgoog_0202.png"; bbox 0 0 2236 3800; ppageno 0'>
   <div class='ocr_carea' id='block_1_1' title="bbox 321 500 839 566">
    <p class='ocr_par' dir='ltr' id='par_1_1' title="bbox 321 500 839 566">
     <span class='ocr_line' id='line_1_1' title="bbox 321 500 839 566; baseline -0.031 -4"><span class='ocrx_word' id='word_1_1' title='bbox 321 500 709 562; x_wconf 72' lang='lat' dir='ltr'>luovRTHn.</span> <span class='ocrx_word' id='word_1_2' title='bbox 781 501 839 566; x_wconf 74' lang='grc' dir='ltr'>ης</span> 
     </span>
    </p>
   </div>
   <div class='ocr_carea' id='block_1_2' title="bbox 132 621 923 1844">
    <p class='ocr_par' dir='ltr' id='par_1_2' title="bbox 132 621 923 1844">
     <span class='ocr_line' id='line_1_2' title="bbox 187 621 923 704; baseline -0.016 -16"><span class='ocrx_word' id='word_1_3' title='bbox 187 640 328 704; x_wconf 71' lang='lat' dir='ltr'>qnoumts</span> <span class='ocrx_word' id='word_1_4' title='bbox 346 640 433 688; x_wconf 82' lang='lat' dir='ltr'>tanen</span> <span class='ocrx_word' id='word_1_5' title='bbox 443 627 486 698; x_wconf 82' lang='lat' dir='ltr'>spe</span> <span class='ocrx_word' id='word_1_6' title='bbox 495 625 615 698; x_wconf 81' lang='lat' dir='ltr'>patrandi</span> <span class='ocrx_word' id='word_1_7' title='bbox 627 623 712 690; x_wconf 83' lang='lat' dir='ltr'>belli,</span> <span class='ocrx_word' id='word_1_8' title='bbox 732 621 773 692; x_wconf 79' lang='lat' dir='ltr'>[fi</span> <span class='ocrx_word' id='word_1_9' title='bbox 784 623 841 703; x_wconf 80' lang='lat' dir='ltr'>eius</span> <span class='ocrx_word' id='word_1_10' title='bbox 918 639 923 648; x_wconf 93' lang='lat'>·</span> 
     </span>
     <span class='ocr_line' id='line_1_3' title="bbox 187 717 842 798; baseline -0.015 -13"><span class='ocrx_word' id='word_1_11' title='bbox 187 729 274 798; x_wconf 82' lang='lat' dir='ltr'><strong>oppidi</strong></span> <span class='ocrx_word' id='word_1_12' title='bbox 298 728 395 797; x_wconf 83' lang='lat' dir='ltr'>potitur</span> <span class='ocrx_word' id='word_1_13' title='bbox 417 722 506 792; x_wconf 87' lang='lat' dir='ltr'>soret]</span> <span class='ocrx_word' id='word_1_14' title='bbox 523 722 608 779; x_wconf 83' lang='lat' dir='ltr'>omnis</span> <span class='ocrx_word' id='word_1_15' title='bbox 629 718 778 790; x_wconf 74' lang='lat' dir='ltr'>asperitates</span> <span class='ocrx_word' id='word_1_16' title='bbox 800 717 842 776; x_wconf 88' lang='lat' dir='ltr'>su·</span> 
     </span>
     <span class='ocr_line' id='line_1_4' title="bbox 186 817 842 892; baseline -0.014 -11"><span class='ocrx_word' id='word_1_17' title='bbox 186 825 347 892; x_wconf 80' lang='lat' dir='ltr'>peruadere,</span> <span class='ocrx_word' id='word_1_18' title='bbox 365 838 395 878; x_wconf 84' lang='lat' dir='ltr'>ro</span> <span class='ocrx_word' id='word_1_19' title='bbox 406 819 615 880; x_wconf 69' lang='lat' dir='ltr'>monasteriam</span> <span class='ocrx_word' id='word_1_20' title='bbox 631 817 737 886; x_wconf 86' lang='lat' dir='ltr'>vincere</span> <span class='ocrx_word' id='word_1_21' title='bbox 752 817 842 886; x_wconf 82' lang='lat' dir='ltr'>adgre-</span> 
     </span>
     <span class='ocr_line' id='line_1_5' title="bbox 187 909 841 990; baseline -0.009 -16"><span class='ocrx_word' id='word_1_22' title='bbox 187 919 265 976; x_wconf 88' lang='lat' dir='ltr'>ditur.</span> <span class='ocrx_word' id='word_1_23' title='bbox 302 919 386 990; x_wconf 79' lang='lat' dir='ltr'>Igitur</span> <span class='ocrx_word' id='word_1_24' title='bbox 401 917 488 972; x_wconf 86' lang='lat' dir='ltr'>omnia</span> <span class='ocrx_word' id='word_1_25' title='bbox 500 917 618 969; x_wconf 83' lang='lat' dir='ltr'>iumenta</span> <span class='ocrx_word' id='word_1_26' title='bbox 635 909 741 968; x_wconf 81' lang='lat' dir='ltr'>sarcinis</span> <span class='ocrx_word' id='word_1_27' title='bbox 756 912 841 968; x_wconf 84' lang='lat' dir='ltr'>leuari</span> 
     </span>
     <span class='ocr_line' id='line_1_6' title="bbox 186 1009 842 1081; baseline -0.011 -10"><span class='ocrx_word' id='word_1_28' title='bbox 186 1014 277 1081; x_wconf 84' lang='lat' dir='ltr'>iubet,</span> <span class='ocrx_word' id='word_1_29' title='bbox 301 1012 351 1068; x_wconf 84' lang='lat' dir='ltr'>nisr</span> <span class='ocrx_word' id='word_1_30' title='bbox 370 1011 503 1066; x_wconf 83' lang='lat' dir='ltr'>fnrmento</span> <span class='ocrx_word' id='word_1_31' title='bbox 525 1009 627 1062; x_wconf 80' lang='lat' dir='ltr'>diemm</span> <span class='ocrx_word' id='word_1_32' title='bbox 643 1009 747 1062; x_wconf 85' lang='lat' dir='ltr'>decem:</span> <span class='ocrx_word' id='word_1_33' title='bbox 774 1016 842 1064; x_wconf 86' lang='lat' dir='ltr'>oete·</span> 
     </span>
     <span class='ocr_line' id='line_1_7' title="bbox 186 1101 844 1171; baseline -0.026 -5"><span class='ocrx_word' id='word_1_34' title='bbox 186 1127 245 1166; x_wconf 84' lang='lat' dir='ltr'>rum</span> <span class='ocrx_word' id='word_1_35' title='bbox 260 1117 331 1164; x_wconf 78' lang='lat' dir='ltr'>utres</span> <span class='ocrx_word' id='word_1_36' title='bbox 346 1107 438 1171; x_wconf 88' lang='lat' dir='ltr'>modo,</span> <span class='ocrx_word' id='word_1_37' title='bbox 457 1111 484 1157; x_wconf 89' lang='lat' dir='ltr'>et</span> <span class='ocrx_word' id='word_1_38' title='bbox 502 1103 553 1154; x_wconf 89' lang='lat' dir='ltr'>alia</span> <span class='ocrx_word' id='word_1_39' title='bbox 573 1116 655 1169; x_wconf 85' lang='lat' dir='ltr'>aquae</span> <span class='ocrx_word' id='word_1_40' title='bbox 674 1101 770 1156; x_wconf 82' lang='lat' dir='ltr'>idonea</span> <span class='ocrx_word' id='word_1_41' title='bbox 784 1119 844 1170; x_wconf 87' lang='lat' dir='ltr'>por.</span> 
     </span>
     <span class='ocr_line' id='line_1_8' title="bbox 185 1194 843 1265; baseline -0.015 -5"><span class='ocrx_word' id='word_1_42' title='bbox 185 1205 246 1260; x_wconf 83' lang='lat' dir='ltr'>tari.</span> <span class='ocrx_word' id='word_1_43' title='bbox 282 1203 418 1256; x_wconf 80' lang='lat' dir='ltr'>Praeterea</span> <span class='ocrx_word' id='word_1_44' title='bbox 445 1194 577 1265; x_wconf 87' lang='lat' dir='ltr'>conquirit</span> <span class='ocrx_word' id='word_1_45' title='bbox 594 1211 628 1248; x_wconf 88' lang='lat' dir='ltr'>ex</span> <span class='ocrx_word' id='word_1_46' title='bbox 654 1196 739 1264; x_wconf 85' lang='lat' dir='ltr'>agris,</span> <span class='ocrx_word' id='word_1_47' title='bbox 765 1211 843 1264; x_wconf 81' lang='lat' dir='ltr'>qoam</span> 
     </span>
     <span class='ocr_line' id='line_1_9' title="bbox 186 1290 843 1367; baseline -0.006 -17"><span class='ocrx_word' id='word_1_48' title='bbox 186 1297 330 1367; x_wconf 83' lang='lat' dir='ltr'>plurimum</span> <span class='ocrx_word' id='word_1_49' title='bbox 360 1292 464 1363; x_wconf 87' lang='lat' dir='ltr'>potest,</span> <span class='ocrx_word' id='word_1_50' title='bbox 494 1290 586 1346; x_wconf 85' lang='lat' dir='ltr'>domiti</span> <span class='ocrx_word' id='word_1_51' title='bbox 604 1290 732 1357; x_wconf 71' lang='lat' dir='ltr'>pecorias</span> <span class='ocrx_word' id='word_1_52' title='bbox 761 1305 843 1360; x_wconf 87' lang='lat' dir='ltr'>eoque</span> 
     </span>
     <span class='ocr_line' id='line_1_10' title="bbox 183 1383 843 1462; baseline -0.023 -14"><span class='ocrx_word' id='word_1_53' title='bbox 183 1391 301 1462; x_wconf 75' lang='lat' dir='ltr'>‘imponit</span> <span class='ocrx_word' id='word_1_54' title='bbox 319 1388 380 1451; x_wconf 84' lang='lat' dir='ltr'>vasa</span> <span class='ocrx_word' id='word_1_55' title='bbox 404 1383 636 1457; x_wconf 82' lang='lat' dir='ltr'>cuiusquemodi,</span> <span class='ocrx_word' id='word_1_56' title='bbox 665 1384 788 1454; x_wconf 77' lang='lat' dir='ltr'>pleraque</span> <span class='ocrx_word' id='word_1_57' title='bbox 811 1385 843 1442; x_wconf 91' lang='lat' dir='ltr'>li.</span> 
     </span>
     <span class='ocr_line' id='line_1_11' title="bbox 187 1480 843 1558; baseline -0.009 -14"><span class='ocrx_word' id='word_1_58' title='bbox 187 1503 270 1558; x_wconf 78' lang='lat' dir='ltr'>gneo,</span> <span class='ocrx_word' id='word_1_59' title='bbox 289 1485 398 1542; x_wconf 75' lang='lat' dir='ltr'>oolle&amp;a</span> <span class='ocrx_word' id='word_1_60' title='bbox 412 1502 446 1541; x_wconf 87' lang='lat' dir='ltr'>ex</span> <span class='ocrx_word' id='word_1_61' title='bbox 464 1480 765 1554; x_wconf 82' lang='lat' dir='ltr'>tugruiisNumidarum.</span> <span class='ocrx_word' id='word_1_62' title='bbox 801 1483 843 1538; x_wconf 80' lang='lat' dir='ltr'>Ad</span> 
     </span>
     <span class='ocr_line' id='line_1_12' title="bbox 187 1574 844 1651; baseline -0.021 -13"><span class='ocrx_word' id='word_1_63' title='bbox 187 1585 238 1642; x_wconf 83' lang='lat' dir='ltr'>hoo</span> <span class='ocrx_word' id='word_1_64' title='bbox 255 1579 383 1638; x_wconf 71' lang='lat' dir='ltr'>solornis</span> <span class='ocrx_word' id='word_1_65' title='bbox 403 1582 532 1651; x_wconf 85' lang='lat' dir='ltr'>imperat,</span> <span class='ocrx_word' id='word_1_66' title='bbox 550 1577 596 1648; x_wconf 88' lang='lat' dir='ltr'>qui</span> <span class='ocrx_word' id='word_1_67' title='bbox 612 1574 637 1630; x_wconf 92' lang='lat' dir='ltr'>se</span> <span class='ocrx_word' id='word_1_68' title='bbox 652 1574 708 1645; x_wconf 86' lang='lat' dir='ltr'>post</span> <span class='ocrx_word' id='word_1_69' title='bbox 722 1577 791 1646; x_wconf 85' lang='lat' dir='ltr'>regis</span> <span class='ocrx_word' id='word_1_70' title='bbox 801 1575 844 1632; x_wconf 83' lang='lat' dir='ltr'>su.</span> 
     </span>
     <span class='ocr_line' id='line_1_13' title="bbox 132 1671 843 1755; baseline -0.01 -20"><span class='ocrx_word' id='word_1_71' title='bbox 132 1752 133 1755; x_wconf 7' lang='grc' dir='ltr'><strong>Ἴ</strong></span> <span class='ocrx_word' id='word_1_72' title='bbox 188 1695 248 1749; x_wconf 80' lang='lat' dir='ltr'>gem</span> <span class='ocrx_word' id='word_1_73' title='bbox 271 1677 385 1734; x_wconf 86' lang='lat' dir='ltr'>Metello</span> <span class='ocrx_word' id='word_1_74' title='bbox 408 1678 559 1741; x_wconf 86' lang='lat' dir='ltr'>dederant,</span> <span class='ocrx_word' id='word_1_75' title='bbox 596 1688 674 1742; x_wconf 86' lang='lat' dir='ltr'>quam</span> <span class='ocrx_word' id='word_1_76' title='bbox 701 1671 843 1740; x_wconf 84' lang='lat' dir='ltr'>plurimum</span> 
     </span>
     <span class='ocr_line' id='line_1_14' title="bbox 189 1766 842 1844; baseline -0.012 -13"><span class='ocrx_word' id='word_1_77' title='bbox 189 1776 298 1844; x_wconf 84' lang='lat' dir='ltr'>quisque</span> <span class='ocrx_word' id='word_1_78' title='bbox 318 1787 399 1844; x_wconf 85' lang='lat' dir='ltr'>aquae</span> <span class='ocrx_word' id='word_1_79' title='bbox 422 1777 570 1841; x_wconf 78' lang='lat' dir='ltr'>portarent,</span> <span class='ocrx_word' id='word_1_80' title='bbox 595 1768 664 1822; x_wconf 88' lang='lat' dir='ltr'>diem</span> <span class='ocrx_word' id='word_1_81' title='bbox 683 1766 842 1837; x_wconf 84' lang='lat' dir='ltr'>lorumque,</span> 
     </span>
    </p>
   </div>
   <div class='ocr_carea' id='block_1_3' title="bbox 188 1860 843 2044">
    <p class='ocr_par' dir='ltr' id='par_1_3' title="bbox 188 1860 843 2044">
     <span class='ocr_line' id='line_1_15' title="bbox 188 1860 843 1939; baseline -0.014 -14"><span class='ocrx_word' id='word_1_82' title='bbox 188 1871 236 1925; x_wconf 77' lang='lat' dir='ltr'>oti</span> <span class='ocrx_word' id='word_1_83' title='bbox 249 1869 344 1939; x_wconf 73' lang='lat' dir='ltr'>praesto</span> <span class='ocrx_word' id='word_1_84' title='bbox 354 1869 477 1934; x_wconf 84' lang='lat' dir='ltr'>fuerint,</span> <span class='ocrx_word' id='word_1_85' title='bbox 494 1864 651 1934; x_wconf 61' lang='lat' dir='ltr'>praedicit„</span> <span class='ocrx_word' id='word_1_86' title='bbox 672 1860 729 1932; x_wconf 85' lang='lat' dir='ltr'>Ipse</span> <span class='ocrx_word' id='word_1_87' title='bbox 744 1880 777 1919; x_wconf 84' lang='lat' dir='ltr'>ex</span> <span class='ocrx_word' id='word_1_88' title='bbox 791 1863 843 1920; x_wconf 56' lang='lat' dir='ltr'>flua</span> 
     </span>
     <span class='ocr_line' id='line_1_16' title="bbox 189 1957 843 2044; baseline -0.009 -24"><span class='ocrx_word' id='word_1_89' title='bbox 189 1967 276 2030; x_wconf 85' lang='lat' dir='ltr'>mine,</span> <span class='ocrx_word' id='word_1_90' title='bbox 295 1979 372 2032; x_wconf 82' lang='lat' dir='ltr'>quom</span> <span class='ocrx_word' id='word_1_91' title='bbox 387 1975 541 2030; x_wconf 83' lang='lat' dir='ltr'>proxumam</span> <span class='ocrx_word' id='word_1_92' title='bbox 552 1957 647 2028; x_wconf 88' lang='lat' dir='ltr'>oppido</span> <span class='ocrx_word' id='word_1_93' title='bbox 663 1973 755 2028; x_wconf 81' lang='lat' dir='ltr'>aquarn</span> <span class='ocrx_word' id='word_1_94' title='bbox 764 1957 843 2044; x_wconf 35' lang='lat' dir='ltr'>&#39;supra</span> 
     </span>
    </p>
   </div>
   <div class='ocr_carea' id='block_1_4' title="bbox 180 2055 874 2694">
    <p class='ocr_par' dir='ltr' id='par_1_4' title="bbox 180 2055 874 2694">
     <span class='ocr_line' id='line_1_17' title="bbox 189 2055 843 2124; baseline -0.018 -10"><span class='ocrx_word' id='word_1_95' title='bbox 189 2060 321 2124; x_wconf 68' lang='lat' dir='ltr'>oxiam,</span> <span class='ocrx_word' id='word_1_96' title='bbox 338 2057 457 2110; x_wconf 86' lang='lat' dir='ltr'>iumenta</span> <span class='ocrx_word' id='word_1_97' title='bbox 474 2061 574 2108; x_wconf 86' lang='lat' dir='ltr'>onerat.</span> <span class='ocrx_word' id='word_1_98' title='bbox 610 2068 641 2107; x_wconf 90' lang='lat' dir='ltr'>eo</span> <span class='ocrx_word' id='word_1_99' title='bbox 658 2055 734 2108; x_wconf 87' lang='lat' dir='ltr'>modo</span> <span class='ocrx_word' id='word_1_100' title='bbox 749 2055 843 2112; x_wconf 81' lang='lat' dir='ltr'>instra.</span> 
     </span>
     <span class='ocr_line' id='line_1_18' title="bbox 190 2141 844 2218; baseline -0.002 -11"><span class='ocrx_word' id='word_1_101' title='bbox 190 2153 245 2208; x_wconf 74' lang='lat' dir='ltr'>itus</span> <span class='ocrx_word' id='word_1_102' title='bbox 268 2153 300 2206; x_wconf 88' lang='lat' dir='ltr'>ad</span> <span class='ocrx_word' id='word_1_103' title='bbox 319 2141 434 2205; x_wconf 83' lang='lat' dir='ltr'><strong>Thalam</strong></span> <span class='ocrx_word' id='word_1_104' title='bbox 451 2146 631 2218; x_wconf 85' lang='lat' dir='ltr'>proficiscitur.</span> <span class='ocrx_word' id='word_1_105' title='bbox 676 2149 777 2204; x_wconf 85' lang='lat' dir='ltr'>Deinde</span> <span class='ocrx_word' id='word_1_106' title='bbox 796 2151 844 2206; x_wconf 83' lang='lat' dir='ltr'>vbi</span> 
     </span>
     <span class='ocr_line' id='line_1_19' title="bbox 190 2243 844 2314; baseline -0.006 -11"><span class='ocrx_word' id='word_1_107' title='bbox 190 2247 223 2304; x_wconf 88' lang='lat' dir='ltr'>ad</span> <span class='ocrx_word' id='word_1_108' title='bbox 239 2249 266 2302; x_wconf 89' lang='lat' dir='ltr'>id</span> <span class='ocrx_word' id='word_1_109' title='bbox 281 2246 333 2302; x_wconf 88' lang='lat' dir='ltr'>loci</span> <span class='ocrx_word' id='word_1_110' title='bbox 352 2252 478 2310; x_wconf 78' lang='lat' dir='ltr'>ventrina,</span> <span class='ocrx_word' id='word_1_111' title='bbox 504 2259 555 2314; x_wconf 86' lang='lat' dir='ltr'>quo</span> <span class='ocrx_word' id='word_1_112' title='bbox 568 2243 688 2298; x_wconf 85' lang='lat' dir='ltr'>Numidis</span> <span class='ocrx_word' id='word_1_113' title='bbox 706 2259 844 2313; x_wconf 83' lang='lat' dir='ltr'>praecepe-</span> 
     </span>
     <span class='ocr_line' id='line_1_20' title="bbox 188 2331 845 2414; baseline -0.009 -14"><span class='ocrx_word' id='word_1_114' title='bbox 188 2353 245 2410; x_wconf 83' lang='lat' dir='ltr'>rat,</span> <span class='ocrx_word' id='word_1_115' title='bbox 263 2351 290 2399; x_wconf 88' lang='lat' dir='ltr'>et</span> <span class='ocrx_word' id='word_1_116' title='bbox 309 2341 390 2398; x_wconf 78' lang='lat' dir='ltr'>casira</span> <span class='ocrx_word' id='word_1_117' title='bbox 405 2337 486 2410; x_wconf 86' lang='lat' dir='ltr'>pofita</span> <span class='ocrx_word' id='word_1_118' title='bbox 503 2340 655 2410; x_wconf 85' lang='lat' dir='ltr'>munitaque</span> <span class='ocrx_word' id='word_1_119' title='bbox 668 2337 745 2402; x_wconf 68' lang='lat' dir='ltr'>sunta</span> <span class='ocrx_word' id='word_1_120' title='bbox 760 2331 845 2414; x_wconf 24' lang='lat' dir='ltr'>‘tanta</span> 
     </span>
     <span class='ocr_line' id='line_1_21' title="bbox 189 2418 846 2507; baseline -0.008 -14"><span class='ocrx_word' id='word_1_121' title='bbox 189 2447 296 2507; x_wconf 88' lang='lat' dir='ltr'>repente</span> <span class='ocrx_word' id='word_1_122' title='bbox 313 2418 385 2494; x_wconf 86' lang='lat' dir='ltr'>coelo</span> <span class='ocrx_word' id='word_1_123' title='bbox 401 2435 474 2492; x_wconf 82' lang='lat' dir='ltr'>missa</span> <span class='ocrx_word' id='word_1_124' title='bbox 489 2437 530 2494; x_wconf 87' lang='lat' dir='ltr'>vis</span> <span class='ocrx_word' id='word_1_125' title='bbox 546 2451 627 2506; x_wconf 87' lang='lat' dir='ltr'>aquae</span> <span class='ocrx_word' id='word_1_126' title='bbox 645 2436 756 2501; x_wconf 76' lang='lat' dir='ltr'>dicitius,</span> <span class='ocrx_word' id='word_1_127' title='bbox 774 2441 846 2490; x_wconf 82' lang='lat' dir='ltr'>vtea</span> 
     </span>
     <span class='ocr_line' id='line_1_22' title="bbox 190 2529 846 2602; baseline -0.006 -16"><span class='ocrx_word' id='word_1_128' title='bbox 190 2535 268 2586; x_wconf 84' lang='lat' dir='ltr'>modo</span> <span class='ocrx_word' id='word_1_129' title='bbox 284 2535 410 2587; x_wconf 85' lang='lat' dir='ltr'>exercitui</span> <span class='ocrx_word' id='word_1_130' title='bbox 431 2531 491 2588; x_wconf 85' lang='lat' dir='ltr'>satis</span> <span class='ocrx_word' id='word_1_131' title='bbox 509 2531 636 2602; x_wconf 82' lang='lat' dir='ltr'>superque</span> <span class='ocrx_word' id='word_1_132' title='bbox 654 2530 731 2586; x_wconf 83' lang='lat' dir='ltr'>soret.</span> <span class='ocrx_word' id='word_1_133' title='bbox 768 2529 846 2584; x_wconf 83' lang='lat' dir='ltr'>Prae-</span> 
     </span>
     <span class='ocr_line' id='line_1_23' title="bbox 180 2623 874 2694; baseline -0.01 -10"><span class='ocrx_word' id='word_1_134' title='bbox 180 2635 261 2684; x_wconf 81' lang='lat' dir='ltr'>‘terea</span> <span class='ocrx_word' id='word_1_135' title='bbox 270 2634 427 2681; x_wconf 82' lang='lat' dir='ltr'>commeatus</span> <span class='ocrx_word' id='word_1_136' title='bbox 437 2625 479 2694; x_wconf 91' lang='lat' dir='ltr'>spe</span> <span class='ocrx_word' id='word_1_137' title='bbox 490 2626 614 2694; x_wconf 86' lang='lat' dir='ltr'>amplior:</span> <span class='ocrx_word' id='word_1_138' title='bbox 634 2623 843 2694; x_wconf 78' lang='lat' dir='ltr'>quiaNumioae,</span> <span class='ocrx_word' id='word_1_139' title='bbox 870 2641 874 2644; x_wconf 94' lang='lat'>·</span> 
     </span>
    </p>
   </div>
   <div class='ocr_carea' id='block_1_5' title="bbox 84 2717 845 2790">
    <p class='ocr_par' dir='ltr' id='par_1_5' title="bbox 84 2717 845 2790">
     <span class='ocr_line' id='line_1_24' title="bbox 84 2717 845 2790; baseline -0.009 -11"><span class='ocrx_word' id='word_1_140' title='bbox 84 2725 86 2729; x_wconf 81' lang='grc'><strong>’</strong></span> <span class='ocrx_word' id='word_1_141' title='bbox 189 2721 265 2778; x_wconf 84' lang='lat' dir='ltr'>sicuti</span> <span class='ocrx_word' id='word_1_142' title='bbox 279 2720 397 2790; x_wconf 88' lang='lat' dir='ltr'>plerique</span> <span class='ocrx_word' id='word_1_143' title='bbox 409 2721 437 2773; x_wconf 90' lang='lat' dir='ltr'>in</span> <span class='ocrx_word' id='word_1_144' title='bbox 455 2735 524 2775; x_wconf 86' lang='lat' dir='ltr'>noua</span> <span class='ocrx_word' id='word_1_145' title='bbox 543 2721 690 2786; x_wconf 85' lang='lat' dir='ltr'>deditione,</span> <span class='ocrx_word' id='word_1_146' title='bbox 709 2717 845 2774; x_wconf 84' lang='lat' dir='ltr'>officiain·</span> 
     </span>
    </p>
   </div>
   <div class='ocr_carea' id='block_1_6' title="bbox 146 2814 912 3066">
    <p class='ocr_par' dir='ltr' id='par_1_6' title="bbox 146 2814 912 3066">
     <span class='ocr_line' id='line_1_25' title="bbox 146 2814 846 2884; baseline -0.009 -10"><span class='ocrx_word' id='word_1_147' title='bbox 146 2851 149 2860; x_wconf 57' lang='grc' dir='ltr'><strong><em>ι</em></strong></span> <span class='ocrx_word' id='word_1_148' title='bbox 189 2820 335 2876; x_wconf 80' lang='lat' dir='ltr'>tenderent.</span> <span class='ocrx_word' id='word_1_149' title='bbox 372 2814 493 2869; x_wconf 85' lang='lat' dir='ltr'>Ceterum</span> <span class='ocrx_word' id='word_1_150' title='bbox 505 2814 602 2868; x_wconf 88' lang='lat' dir='ltr'>milites</span> <span class='ocrx_word' id='word_1_151' title='bbox 615 2815 742 2884; x_wconf 81' lang='lat' dir='ltr'>religione</span> <span class='ocrx_word' id='word_1_152' title='bbox 755 2814 846 2882; x_wconf 89' lang='lat' dir='ltr'>pluuia</span> 
     </span>
     <span class='ocr_line' id='line_1_26' title="bbox 190 2903 845 2984; baseline -0.003 -16"><span class='ocrx_word' id='word_1_153' title='bbox 190 2915 271 2984; x_wconf 85' lang='lat' dir='ltr'>magis</span> <span class='ocrx_word' id='word_1_154' title='bbox 286 2908 343 2967; x_wconf 79' lang='lat' dir='ltr'>vso:</span> <span class='ocrx_word' id='word_1_155' title='bbox 365 2926 446 2980; x_wconf 85' lang='lat' dir='ltr'>eaque</span> <span class='ocrx_word' id='word_1_156' title='bbox 462 2926 503 2964; x_wconf 89' lang='lat' dir='ltr'>res</span> <span class='ocrx_word' id='word_1_157' title='bbox 517 2903 630 2964; x_wconf 77' lang='lat' dir='ltr'>multum</span> <span class='ocrx_word' id='word_1_158' title='bbox 646 2909 740 2964; x_wconf 84' lang='lat' dir='ltr'>animis</span> <span class='ocrx_word' id='word_1_159' title='bbox 755 2925 845 2966; x_wconf 85' lang='lat' dir='ltr'>eorum</span> 
     </span>
     <span class='ocr_line' id='line_1_27' title="bbox 191 2995 912 3066; baseline -0.007 -2"><span class='ocrx_word' id='word_1_160' title='bbox 191 3009 296 3064; x_wconf 75' lang='lat' dir='ltr'>addiclit.</span> <span class='ocrx_word' id='word_1_161' title='bbox 333 3023 394 3062; x_wconf 82' lang='lat' dir='ltr'>narn</span> <span class='ocrx_word' id='word_1_162' title='bbox 405 3006 457 3061; x_wconf 85' lang='lat' dir='ltr'>rati</span> <span class='ocrx_word' id='word_1_163' title='bbox 471 3001 521 3061; x_wconf 89' lang='lat' dir='ltr'>sese</span> <span class='ocrx_word' id='word_1_164' title='bbox 538 3005 577 3060; x_wconf 82' lang='lat' dir='ltr'>dis</span> <span class='ocrx_word' id='word_1_165' title='bbox 594 3001 783 3062; x_wconf 73' lang='lat' dir='ltr'>inmortalibus</span> <span class='ocrx_word' id='word_1_166' title='bbox 801 3018 846 3066; x_wconf 78' lang='lat' dir='ltr'>ou,-</span> <span class='ocrx_word' id='word_1_167' title='bbox 908 2995 912 3005; x_wconf 85' lang='lat'><em>&#39;</em></span> 
     </span>
    </p>
   </div>
   <div class='ocr_carea' id='block_1_7' title="bbox 0 0 1128 3800">
    <p class='ocr_par' dir='ltr' id='par_1_7' title="bbox 0 0 1128 3800">
     <span class='ocr_line' id='line_1_28' title="bbox 0 0 1128 3800; baseline 0 0"><span class='ocrx_word' id='word_1_168' title='bbox 0 0 1128 3800; x_wconf 95' lang='lat' dir='ltr'> </span> 
     </span>
    </p>
   </div>
  </div>
 </body>
</html>
