2212 3790
283 521 340 580 340
439 513 775 567 utculnlnulo

281 637 371 692 animi.
407 633 816 701 Immoverolromoleuiffumus,
824 634 937 708 supplex

279 733 410 798 inimicis,
435 732 525 784 amicis
546 729 765 797 contumeliosus,
789 735 866 786 modo
886 734 937 792 lra-

278 847 355 894 mm,
373 829 451 881 modo
466 827 573 881 illarum
588 828 721 895 partium,
739 825 807 880 lidus
819 828 935 893 nemini,

278 923 422 980 leuiffiruus
441 920 563 986 senator,
588 923 764 976 mercenarius
783 931 933 991 patronus,

274 1020 354 1075 cuius
371 1017 446 1072 nulla
462 1033 523 1085 pars
539 1019 653 1086 corporis
670 1033 686 1069 a
707 1018 870 1086 turpitudine
885 1035 934 1072 va·

273 1124 337 1170 cat:
356 1115 447 1182 lingua
464 1129 548 1178 vana,
567 1129 661 1166 manus
676 1111 868 1180 rapaciduman
883 1131 934 1182 gu-

273 1211 304 1264 la
321 1207 461 1273 inmensa,
490 1209 570 1276 pedes
587 1207 714 1277 fugacem
742 1223 808 1276 quae
826 1207 933 1263 honeste

277 1307 407 1360 nominari
422 1321 477 1358 non
491 1301 610 1371 pulsum,
629 1302 849 1358 iuhonelliffuma.
882 1303 932 1357 At-

274 1417 329 1469 que
345 1402 383 1466 is‚
403 1417 463 1454 cum
484 1399 612 1452 eiusmodi
628 1398 677 1464 lit,
695 1408 783 1454 tamen
797 1399 875 1454 audet
891 1398 932 1452 di-

277 1511 356 1549 cere:
387 1496 408 1546 O
420 1495 587 1559 fortunatum
599 1503 686 1546 notum
709 1513 747 1548 me
768 1494 864 1556 consule
879 1493 931 1548 Ro-

276 1587 363 1644 mam!
381 1588 424 1642 Te
435 1585 541 1642 consule
555 1587 728 1651 fortunatum,
748 1587 863 1642 Cicero?
880 1590 930 1642 inr-

274 1667 396 1740 movero
411 1682 566 1748 infelicem,
584 1691 611 1738 et
627 1680 764 1747 miseram,
783 1698 849 1750 quae
871 1700 931 1738 cru-

272 1779 437 1836 delillumam
460 1777 673 1847 proscriptionem
699 1777 795 1832 ciuium
812 1776 929 1845 perpetra

275 1877 333 1937 est3
360 1893 420 1931 eum
445 1883 497 1940 tu,
526 1873 678 1942 perturbata
700 1889 754 1942 rep.
773 1880 844 1928 ructu
869 1889 929 1957 per-

275 1970 359 2028 culsos
384 1987 474 2024 omnes
498 1970 581 2024 bonos
598 1985 690 2037 parere
708 1968 854 2024 crudelitati
868 1976 928 2024 tunc

273 2067 406 2137 cogebas3
446 2083 506 2120 cunr
525 2081 613 2118 omnm
636 2065 750 2132 iudicia,
775 2081 865 2120 omues
889 2064 927 2119 le·

268 2181 337 2234 rges,
366 2165 395 2216 in
412 2171 459 2217 tna
475 2162 594 2216 lubidine
612 2168 708 2240 cpont,
734 2177 795 2216 cunr
811 2170 859 2228 tu,
886 2159 926 2216 su·

272 2259 344 2315 blata
353 2259 411 2328 lege
423 2260 534 2323 Porcia,
546 2264 642 2325 ‘erepta
650 2257 790 2322 libertate,
809 2259 925 2316 omnium

270 2355 383 2410 nostrum
408 2357 479 2408 uitae
509 2355 634 2423 necisque
661 2352 812 2421 potestatem
842 2355 875 2408 nd
898 2360 924 2408 te

270 2466 352 2505 vnum
372 2465 550 2504 reuocauerat.
587 2449 675 2518 Atque
685 2465 775 2516 parum
787 2448 839 2515 est,
856 2450 924 2518 quod

269 2545 380 2612 impune
402 2543 511 2598 fecisti:
546 2561 640 2600 verum
670 2546 748 2600 etiarn
771 2561 941 2600 commemo--

270 2643 351 2693 raudo
370 2641 508 2708 exprobras
520 2658 536 2701 ςἸ
555 2657 641 2709 neque
657 2640 722 2696 licet
739 2639 857 2696 obliuisci
874 2639 924 2694 ier·

153 2772 159 2784 ι
270 2736 361 2790 nitntis
378 2733 460 2790 snae·
483 2735 590 2805 Egens,
609 2745 714 2801 orote,
733 2737 842 2802 Cicero,
866 2752 924 2805 per·

268 2827 382 2896 feceris,
409 2833 578 2900 quodlibet:
605 2830 664 2886 satis
688 2832 725 2886 est
741 2830 869 2902 perpessos
887 2829 924 2884 el-.

268 2921 315 2978 lc:
347 2929 460 2982 etiamru
487 2943 561 2982 aures
585 2925 683 2982 nostros
708 2929 767 2982 odio
791 2935 838 2982 tuo
863 2942 923 2981 one-

267 3018 365 3076 rabis?
395 3023 508 3078 etiamne
532 3021 721 3078 molestillrunis
746 3023 834 3078 verbis
858 3019 923 3076 inle-
