2216 3790
279 509 336 578 338
437 511 771 566 DECLAMATIO

275 645 337 702 tur,
356 632 426 705 quasi
442 651 512 690 vous
524 634 643 705 reliquus
654 650 690 688 ex
701 633 804 690 similia
817 630 869 692 vlri
880 591 933 692 olal-

275 730 394 796 rislumi,
421 730 551 800 Scipionis
565 729 702 795 Africani,
728 747 758 784 ac
779 749 833 786 uon
854 735 933 802 repti-

275 830 346 894 tius,
372 826 487 891 accium,
517 841 547 879 ac
570 825 660 894 paullo
681 833 742 880 ante
762 824 855 881 infitus
871 828 933 882 huic

275 923 335 979 vrbi
349 923 425 976 ciuis.
471 919 514 974 An
531 937 611 987 vero,
629 921 672 974 M.
686 921 779 988 Tulli,
797 921 883 988 fatto,
902 939 933 977 ao
997 941 1000 950 ·

276 1019 346 1075 diem
363 1025 410 1072 tua
429 1013 537 1070 obseura
552 1013 636 1070 sunt?
663 1032 697 1070 an
711 1033 765 1071 non
785 1018 823 1072 ito
835 1029 853 1070 τι
868 1033 932 1087 pue-

275 1115 337 1170 ritia
349 1111 456 1177 nituisti,
475 1112 515 1164 vti
525 1111 596 1164 nihil
603 1110 759 1180 flagitiosum
775 1115 876 1182 corpori
884 1122 931 1168 tuo

275 1218 400 1280 potares,
419 1207 488 1277 quod
503 1205 579 1260 alteri
597 1206 775 1263 collibuisset?
805 1208 930 1276 Scilicet,

274 1306 349 1362 istam
360 1303 556 1359 immoderatam
566 1301 744 1371 eloquentiam
752 1306 822 1373 apud
836 1305 878 1358 M.
890 1305 932 1358 Pi·

275 1399 364 1456 sonem
389 1414 443 1454 non
465 1397 607 1465 pudicitiae
628 1397 728 1453 iasiura
747 1399 930 1468 perdidicisti‘?

275 1496 367 1564 Itaque
394 1493 512 1546 minume
537 1494 686 1548 iuuandum
706 1493 761 1561 est,
788 1497 857 1564 quod
875 1511 958 1550 eam«

274 1586 559 1658 flagitiose'venditae,
579 1603 656 1658 quam
665 1587 818 1656 turpissume
827 1590 930 1658 parasti.

273 1683 389 1751 Verum,
407 1691 438 1738 vt
457 1683 567 1752 opinor,
584 1681 704 1750 splendor
715 1683 869 1752 domesticus
879 1687 931 1742 tibi

274 1781 376 1834 animos
400 1759 523 1838 attonito
544 1794 609 1832 vxor
625 1761 826 1860 sacrilega,3ao
842 1781 930 1848 periu.
1040 1843 1043 1850 .

273 1877 320 1930 riis
338 1853 473 1936 delibuta5
497 1871 555 1926 filia
577 1873 668 1928 matris
688 1873 793 1942 pellex,
818 1873 870 1933 tibi
890 1877 931 1930 iu·

273 1973 400 2037 cundior,
422 1978 500 2038 atque
519 1954 716 2038 obsequentior,
734 1987 812 2040 quam
829 1973 932 2040 parenti

273 2084 320 2137 par
340 2066 384 2122 est.
430 2065 546 2120 Domum
562 2062 643 2133 ipsam
664 2073 738 2120 tuam
752 2067 802 2150 ⁸vi,
821 2074 848 2122 et
865 2067 933 2138 rapi-

273 2163 334 2229 nis,
351 2160 480 2216 fimestmn
494 2159 545 2216 tibi
566 2176 597 2215 ac
610 2162 682 2229 tuis,
699 2161 868 2234 compnmlti:
892 2163 933 2218 vi-

241 2257 370 2341 *delicet
389 2258 429 2312 vti
446 2273 494 2310 nos
514 2256 747 2321 commonefacias,
774 2273 852 2324 quim
871 2275 933 2313 oon-

272 2351 347 2409 uersa
364 2351 396 2406 fit
410 2350 476 2419 resp.
495 2368 555 2406 cum
572 2353 602 2404 iu
625 2367 656 2406 eu
675 2353 751 2414 domo
774 2349 931 2420 habitares,

273 2451 353 2504 homo
376 2429 595 2514 flagitiofiffume',
624 2461 690 2512 quae
707 2443 736 2498 P.
756 2443 852 2518 eraffi,
880 2449 934 2502 viri

149 2565 168 2578 ²
274 2541 434 2608 consularis,
451 2539 512 2595 fuit.
549 2539 638 2610 Atque
659 2541 726 2595 haec
740 2539 802 2596 ‘cum
818 2542 856 2598 ita
864 2540 932 2606 lint,

273 2647 364 2695 tumen
392 2637 483 2692 Cicero
508 2633 534 2692 se
558 2637 622 2692 dicit
640 2637 669 2690 in
693 2637 805 2692 concilio
825 2640 934 2706 deorum

273 2735 461 2790 immortalium
477 2731 572 2794 fruisser
604 2735 666 2788 inde
683 2731 788 2790 millum
811 2735 879 2792 huic
891 2754 933 2792 vr·

272 2817 319 2890 ¹bi:
348 2831 503 2900 oiuibusque
523 2829 669 2898 custodem,
689 2829 786 2902 absque
801 2830 933 2888 carnificis
991 2841 995 2846 “

271 2928 396 2993 nominc,
428 2928 473 2995 qui
492 2927 606 2982 ciuitatis
623 2927 817 2982 incommodum
831 2927 860 2980 in
876 2927 933 2996 glo.

237 3025 240 3030 '
273 3022 341 3074 riam
355 3021 427 3078 suam
442 3025 525 3092 ponit
540 3089 542 3095 Ι
564 3020 705 3104 quefiuero
718 3039 772 3076 non
782 3021 855 3084 illius
869 3033 931 3078 'cou-
