2226 3784
207 537 211 550 ·
261 511 320 582 196
392 469 777 574 SALLVlel

256 651 315 698 turn
334 643 394 711 quia
410 659 451 697 ree
468 639 554 711 aspera
568 643 723 704 videbatur3
742 650 770 698 et
780 641 908 698 Metellus

256 740 381 808 oppidum
411 737 526 792 ‘tuum
554 753 648 808 magna
674 739 758 807 gloria
784 747 907 808 ceperat,

254 835 325 890 haud
345 831 500 888 diffimiliter
524 831 601 889 litum
622 835 826 905 munitumque:
858 832 909 890 niu

256 931 326 1000 qdod
343 931 413 998 apud
430 928 545 982 'lbalam
563 929 633 984 haud
648 931 727 998 longe
741 945 757 983 a
771 931 907 986 moenibue

253 1025 354 1094 aliquot
372 1010 460 1078 inritet
475 1031 567 1086 erant3
594 1023 730 1093 Capsenses
742 1041 796 1080 vna
812 1027 904 1093 modo,
914 1087 926 1108 Ν

242 1127 332 1192 'atque
347 1137 378 1175 ea
398 1122 468 1174 intra
483 1121 626 1188 oppidum,
646 1121 702 1190 iugi
718 1137 802 1191 aqua,
822 1130 906 1178 cetera

252 1219 346 1289 pluuia
365 1216 515 1272 utebantur.
562 1216 593 1273 Id
609 1215 714 1286 ibique,
742 1219 813 1272 etin
833 1218 905 1273 omni

252 1313 367 1378 Africa,
394 1312 440 1381 qui
461 1308 553 1380 procul
579 1328 595 1364 a
617 1313 683 1366 mari
701 1313 827 1368 incultius
838 1330 905 1382 age·

252 1408 333 1474 bant,
352 1405 497 1462 coracinus
507 1405 682 1472 tolerabatur,
702 1409 763 1476 quia
775 1408 905 1463 Numidae

251 1499 403 1572 plenumque
422 1501 489 1556 laste
516 1509 543 1556 et
560 1501 646 1556 lerina
665 1519 742 1556 earne
766 1499 904 1556 vesceban-

250 1605 314 1663 tur,
341 1612 425 1666 neque
441 1594 537 1662 salem,
564 1611 649 1664 neque
674 1597 726 1648 alia
742 1597 903 1652 irritamenta

143 1757 155 1778 Ι
250 1693 327 1762 gulae
345 1691 521 1761 quaerebant:
548 1690 627 1744 Cibus
643 1691 697 1744 illis
716 1687 905 1745 aduersumfa:

249 1805 319 1844 mern
331 1795 408 1858 atque
422 1785 510 1856 litim,
529 1803 583 1842 non
601 1785 733 1854 lubidini,
757 1803 841 1857 neque
859 1787 902 1843 lu·

248 1886 337 1940 :uriae
358 1892 421 1942 erat.

486 1981 559 2036 cnr.
595 1979 660 2036 XC.
716 1966 735 1982 “

295 2077 380 2147 igitur
397 2075 510 2142 Consul,
535 2075 656 2132 omnibus
671 2076 828 2146 exploratis,
848 2095 902 2134 cre·

247 2173 301 2239 do,
319 2174 359 2227 die
372 2173 474 2239 fretus,
498 2171 568 2228 Nam
585 2181 674 2227 contra
687 2180 774 2229 tantas
788 2172 901 2228 difficul-

246 2275 313 2323 tates
333 2267 439 2323 eonlilio
463 2265 523 2321 satie
547 2267 685 2335 prouidere
702 2284 756 2320 non
778 2275 898 2334 poterat:

246 2364 343 2434 quippe
368 2363 445 2417 etiam
464 2359 592 2414 frumenti
620 2360 708 2427 inopia
731 2360 897 2426 tentabatur,

246 2461 315 2529 quod
331 2457 460 2512 Numidae
476 2453 572 2522 pabulo
590 2454 691 2522 pecoris
703 2455 801 2523 magis,
818 2471 896 2524 quarn

245 2571 308 2609 aruo
320 2553 439 2617 student,
458 2557 486 2604 et
501 2531 683 2620 quodcumque
694 2558 786 2605 natum
794 2549 898 2620 luerat,

246 2650 313 2706 iullu
327 2649 394 2718 regis
411 2648 439 2701 in
456 2646 514 2702 loca
527 2648 628 2702 munita
647 2647 822 2714 contuerunt,
838 2663 898 2717 ager

246 2754 333 2801 autem
353 2745 441 2799 aridus
464 2752 491 2800 et
508 2742 615 2813 frugum
631 2731 730 2798 vacum
749 2759 780 2797 ea
797 2751 898 2811 tempe·

244 2840 326 2907 llate,
343 2842 411 2896 Nun
429 2840 530 2896 aestatis
544 2849 690 2896 extremum
704 2846 777 2898 erat3
805 2845 893 2892 tamen

244 2953 292 3004 pro
304 2937 343 2992 rei
357 2938 436 3005 copia·
447 2935 506 2992 latis
523 2937 692 3005 prouidenter
708 2938 830 2988 exornat:
849 2947 896 2998 pe·

121 3113 127 3124 ι
162 3037 181 3116 Ἀ
245 3047 292 3084 eus
309 3047 401 3098 omne,
428 3033 497 3100 quud
514 3029 688 3101 superioribus
709 3024 800 3080 diebus
823 3041 906 3097 prae„

1042 703 1051 735 l
