2216 3790
246 501 319 580 ‚ora
385 503 809 568 roraverit,

185 666 189 672 ι
292 627 465 692 moerores,
494 626 626 694 inultique
648 635 721 697 terga
741 627 774 683 ab
797 629 911 686 hostibus

256 722 440 779 caedebantur.
469 722 549 777 Irim.
663 737 666 744 ’

291 820 388 874 Contra
405 818 451 873 ille
477 817 546 872 calui
569 826 641 874 ratus
663 820 819 889 quaerebat,
847 839 913 878 num

255 911 499 972 somniothesaurus
517 915 725 981 portenderetur.
746 916 788 970 Id.
802 915 822 970 1.
834 929 909 972 vrri.

255 1011 325 1066 Non.
341 1011 368 1064 in
385 1011 506 1064 Caluitur.

291 1105 367 1170 Parte
394 1101 546 1170 consumta,
574 1105 676 1174 reliqua
699 1107 911 1168 cadauenrmad

255 1203 454 1258 diuturnitatem
469 1197 528 1254 rsus
546 1197 676 1259 fallerent·
696 1202 781 1267 Prisc.
798 1203 859 1258 Lx.
935 1259 939 1264 ,

267 1339 270 1346 .
319 1281 530 1352 errororn
567 1295 630 1350 CN.
666 1296 840 1355 POMPEI
975 1299 981 1310 ⁴

368 1377 373 1385 ’
436 1405 486 1446 nr>
517 1403 729 1448 srnrnrvrr.

290 1490 319 1544 Si
343 1485 465 1542 aduorsus
483 1503 530 1542 voa
548 1489 708 1558 patriamque
733 1498 759 1544 et
783 1493 844 1546 deos
863 1511 910 1562 pe·

255 1594 343 1649 nates,
371 1590 411 1640 tot
427 1581 529 1636 labores
545 1576 572 1638 'et
589 1585 705 1651 pericula
727 1581 908 1658 suscepissem,

254 1681 374 1750 quotiens
401 1695 417 1732 a
439 1679 521 1747 primo
544 1676 715 1733 adolescentia
741 1680 820 1735 duno
848 1699 909 1738 meo

253 1773 426 1830 scelestissumi
443 1773 527 1828 hostes
540 1771 607 1840 safi,
626 1781 652 1828 et
661 1774 737 1829 vobis
751 1773 818 1831 salus
828 1790 909 1847 quae-
990 1841 996 1853 ι

190 1922 199 1943 ,
253 1871 300 1928 sita
316 1872 368 1926 est:
397 1869 467 1925 nihil
485 1869 599 1938 amplius
616 1869 645 1923 in
662 1868 793 1927 absentem
808 1890 851 1928 me
860 1873 909 1928 sta-

252 1967 379 2033 tuiisetis,
405 1981 482 2037 quam
504 1967 590 2020 adhuc
608 1965 708 2036 agitis,
734 1966 811 2024 P.·c.
831 1987 929 2040 quem

254 2071 344 2118 eontra
361 2069 472 2116 oetatem
491 2061 638 2130 prosettam
657 2063 691 2117 ari
706 2062 920 2142 hellenismus-¹

251 2157 370 2225 sumum,
390 2175 449 2212 oum
457 2159 575 2213 exercitu
583 2165 690 2226 optume
699 2161 810 2228 merim,
828 2179 912 2232 quan.

251 2264 309 2312 tum
322 2254 398 2310 estin
411 2255 504 2320 vobis,
521 2251 610 2319 fame,
621 2251 779 2334 “miserrima
789 2258 908 2313 omnium

252 2359 352 2418 morte,
372 2347 526 2421 confecistis.
563 2346 622 2402 Hac
638 2348 666 2398 in
687 2344 734 2420 spe⁸
744 2349 856 2416 populus
872 2351 906 2406 R.

252 2445 348 2500 liberos
372 2441 429 2496 suos
452 2443 483 2494 ad
506 2440 608 2496 bellum
632 2438 725 2494 misit?
756 2440 821 2497 haec
847 2443 908 2503 sunt
969 2431 972 2439 s

252 2531 366 2616 praemia
379 2531 425 2608 pro
439 2533 610 2610 volneribusa
631 2545 657 2591 et
670 2537 766 2610 totiens
777 2537 810 2596 ob
824 2558 906 2613 remp.

251 2634 308 2694 suso
323 2625 468 2704 sangiune?
492 2630 569 2688 sessus
583 2631 737 2702 scribundo,
766 2637 908 2694 mittunoo·

252 2752 304 2806 que
324 2731 441 2804 legatos,
467 2747 557 2786 ornnes
582 2747 643 2800 opes
664 2739 690 2788 et
710 2729 766 2800 spes
792 2735 912 2803 priuatas,

252 2849 323 2886 mear
344 2819 491 2885 consumis:
519 2844 580 2881 oum
603 2827 745 2882 interimo
767 2829 841 2883 vobis
860 2845 907 2896 per

251 2929 396 2984 triennium
405 2920 452 2980 oia
464 2939 565 2978 annuus
581 2920 681 2978 sumtus
692 2925 765 2978 datus
777 2921 820 2977 eit.
856 2919 906 2978 Per

253 3027 314 3080 deos
327 3021 503 3088 immortales,
528 3027 618 3074 utrum
639 3016 745 3073 censetis
765 3033 808 3074 me
819 3017 906 3074 vicem
947 3070 957 3084 ,
