2238 3800
288 515 348 578 ¹74
420 499 846 589 saaave‘raa‘

284 633 417 704 festosque
434 635 465 689 in
484 635 539 689 diae
555 615 674 690 mutare:¹
700 635 777 689 modo
803 633 940 691 aduersum

284 729 384 796 hostes,
402 731 534 785 interdum
543 731 572 785 in
585 728 736 786 solitudines
747 747 868 800 pergere:
887 730 940 788 sae-

226 807 230 817 *
283 839 318 894 pe
335 825 365 878 in
388 823 469 896 fuga,
495 825 595 896 aepost
617 825 708 895 paullo
724 823 794 895 spem
814 827 843 906 ih
861 828 939 881 armis

284 917 395 974 hahere:
423 921 560 986 dubitare,
584 921 678 976 vithati
701 919 882 990 popularium,
905 937 939 975 an

283 1013 338 1070 fide
363 1016 450 1070 minae
473 1018 597 1071 crederet.
638 1018 696 1082 ita,
715 1028 877 1086 quocumque
898 1018 939 1070 in-

283 1111 419 1177 tenderat,
436 1128 478 1166 ree
490 1108 612 1166 aduersae
631 1119 713 1166 erant
751 1113 801 1166 Sed
816 1113 938 1166 intereas

282 1223 368 1262 morae
390 1215 496 1277 tepente
519 1204 571 1262 sese
590 1205 717 1276 Metellus
738 1223 797 1262 eum
821 1208 937 1262 exercitu

282 1301 401 1358 ostendit.
438 1301 568 1358 Numidae
586 1303 619 1356 ab
637 1299 766 1373 Iugurtha
777 1291 824 1372 1310
838 1311 937 1371 tempo-

282 1398 406 1467 reparati
422 1397 605 1468 inſtructique:
625 1400 686 1453 dein
702 1398 828 1468 praelium
843 1398 938 1466 incipi·

199 1559 201 1563 ι
282 1501 335 1548 tur.
366 1492 430 1556 ,Qua
444 1493 473 1546 in
491 1502 565 1562 parte
579 1511 627 1548 rex
639 1491 739 1560 adfuit,
759 1494 796 1548 ibi
812 1493 937 1562 aliquam·

282 1590 329 1644 diu
344 1595 488 1642 certatum:
508 1591 587 1645 ceteri
607 1607 696 1646 omnes
721 1589 797 1655 [eius
818 1588 935 1656 milites]

282 1683 366 1752 prhno
392 1682 517 1738 concursu
542 1683 608 1754 pulsi
627 1684 779 1757 fugatique.
826 1685 936 1738 Romani

282 1775 413 1848 tignorum
437 1786 463 1833 et
485 1794 616 1834 armorum
640 1780 773 1850 aliquanto
801 1795 934 1846 numero,

281 1872 393 1928 hostium
409 1889 550 1942 paucorum
574 1875 658 1944 potiti.
703 1891 765 1928 nam
782 1863 863 1928 ferme
879 1874 935 1928 Nu-

280 1969 364 2026 midas
373 1971 401 2023 in
413 1969 534 2026 omnibus
544 1971 839 2042 praeliispedesmagis,
857 1985 934 2039 quun

281 2079 352 2118 arma
369 2073 428 2120 tuta
441 2063 508 2121 sunt.

490 2161 562 2218 Cae.
598 2163 727 2222 LXXV.

314 2253 353 2310 Ea
369 2255 432 2328 fuga
453 2259 580 2330 Iugurtha
604 2259 744 2329 impenfius
762 2261 838 2313 modo
856 2257 933 2313 rebus

280 2349 331 2406 suia
349 2351 468 2406 diffidens
485 2369 546 2406 eum
565 2353 681 2421 perfugis
703 2361 729 2406 et
744 2360 817 2420 parte
836 2353 933 2420 equita·

278 2455 322 2502 tus
336 2448 365 2500 in
385 2444 550 2511 ahmam,
580 2446 640 2500 hein
657 2445 771 2500 atham
795 2449 931 2516 peruenit,
989 2435 992 2440 ’

278 2543 308 2596 in
332 2541 458 2610 oppidum
479 2555 604 2610 magnum
633 2549 660 2596 et
686 2543 860 2611 opulentum,
886 2543 932 2599 vbi

270 2637 396 2706 ,plerique
412 2633 542 2704 thesauri,
570 2636 737 2708 filiorumque
756 2641 812 2695 eius
832 2639 932 2696 multus

278 2734 405 2800 pueritiae
423 2732 508 2788 cultus
527 2742 590 2788 erat.
637 2734 709 2800 Quae
724 2735 856 2804 postquam
871 2736 932 2790 Me·
975 2726 978 2733 ’

278 2827 343 2881 tello
367 2837 513 2898 comperta,
541 2847 696 2900 quamquam
722 2833 790 2886 inter
815 2830 931 2896 Thalam
964 2827 980 2870 ⁶

278 2921 426 2993 flumenque
443 2927 606 2993 proximum,
631 2924 711 2994 spatio
727 2927 840 2980 millium
856 2926 932 2994 quin·

280 3019 426 3086 quaginta,
453 3019 511 3076 loca
529 3025 601 3079 arida
623 3029 700 3090 atque
724 3016 794 3075 vasta
817 3018 866 3075 effe
889 3036 931 3075 co·
