2236 3800
280 517 341 577 254
411 472 833 568 enimam·

180 619 183 626 ¹
278 618 345 694 tium
359 638 474 708 undique
487 635 565 692 virile
582 646 609 693 et
626 636 755 692 muliebre
773 637 865 705 secus,
882 655 931 708 per

278 734 335 788 vias
352 748 383 788 ae
400 732 468 786 testa
482 734 600 788 omnium
616 731 754 790 visebatur.
782 751 841 793 eum
853 751 932 804 quae·

278 827 328 884 star
347 827 375 882 C.
392 827 507 882 Vrbinus
525 828 639 898 aliique,
657 831 761 898 cognita
779 831 930 896 voluntate,

278 939 338 978 eum
353 924 386 978 ed
403 935 510 980 coenam
530 926 728 987 inuimuermm
754 927 824 982 ultre
836 927 931 980 Roma-

277 1035 387 1086 norum,
416 1029 443 1076 et
462 1020 611 1076 mortalium
635 1023 715 1076 etiam
739 1039 837 1078 morem
857 1037 931 1076 eura-

277 1115 358 1172 bante
384 1118 517 1172 exornatis
534 1116 640 1171 aedibus
660 1135 706 1185 per
717 1120 807 1184 aulaea
825 1127 851 1174 et
870 1115 931 1174 insi-

278 1214 359 1282 gnia,
389 1211 525 1282 scenisque
551 1214 584 1267 ad
611 1213 807 1270 ostentationem
830 1214 931 1270 histrio·

277 1325 343 1362 num
357 1308 508 1369 fabricatis3
534 1306 611 1363 semul
629 1325 704 1364 eroco
719 1309 801 1379 sparsa
816 1313 930 1376 humus,

277 1389 374 1468 etalia,⁴
388 1405 417 1456 in
425 1404 530 1458 modum
543 1404 636 1471 templi
648 1404 827 1460 celeberrumi.
854 1405 931 1461 Prae·

275 1505 425 1554 terea,cum
443 1495 542 1550 sedenti
570 1497 709 1550 transenna
730 1498 864 1554 demissum
884 1499 931 1554 Vi-

276 1591 372 1645 &etiae
390 1589 557 1643 fimulaerum
576 1606 635 1644 eum
651 1591 809 1646 machinata
821 1587 929 1660 strepit'e

274 1687 420 1742 tonitruum
438 1698 558 1738 eoronam
581 1681 660 1750 capiti
675 1682 845 1749 imponebat:
870 1691 927 1740 tum

274 1782 391 1836 venienti
405 1779 482 1834 thure
499 1777 568 1845 quas
580 1777 635 1832 Deo
643 1775 842 1846 supplicabatur.
872 1779 928 1836 ‘rea

275 1894 308 1949 ga
323 1877 393 1947 pitia
410 1874 563 1944 plerumque
580 1872 691 1929 amiculo
713 1883 768 1930 erat
785 1876 810 1930 ei
824 1891 928 1932 aeeuma

274 1975 371 2029 beati:
404 1969 495 2040 epulae
512 1967 738 2039 quaestiffumae:
768 1988 854 2043 neque
880 1989 927 2044 per

273 2087 378 2124 emnem
395 2068 472 2122 mado
493 2069 677 2136 prouinciam,
695 2067 738 2123 sed
752 2071 927 2135 transmaria,

273 2183 307 2220 ex
327 2165 488 2219 Mauritania
510 2164 648 2220 volucrum
672 2173 700 2222 et
723 2165 837 2220 scemam
856 2168 928 2220 ineo·

274 2263 347 2332 gnita
365 2270 442 2317 antea
453 2262 529 2330 plura
545 2277 656 2329 genera:
678 2260 772 2328 quibus
783 2260 861 2314 rebus
878 2260 928 2314 ali·
973 2241 976 2248 ⁴

274 2366 398 2428 quantam
413 2365 512 2426 partem
523 2355 621 2423 gloriae
638 2352 788 2419 demiserat,
803 2369 926 2410 maxume

184 2449 186 2454 ’
273 2454 342 2521 apud
356 2460 457 2507 veteres
473 2458 499 2504 et
513 2447 613 2501 sanitas
630 2449 720 2514 viros,
739 2447 847 2516 superba
861 2449 925 2517 illa,

273 2549 389 2620 grauia,
412 2546 521 2614 indigna
545 2544 577 2598 R.
597 2544 707 2612 imperio
732 2535 924 2602 existumantee.

272 2643 392 2700 Macros.
410 2643 497 2696 Satur.
520 2639 540 2694 1.
551 2653 605 2696 111.
619 2651 730 2696 exau.
755 2642 867 2696 Nonius.
881 2643 926 2698 So·

322 2737 399 2791 teml.
415 2749 437 2792 1.

261 2738 449 2903 fipsiuuntque
465 2847 524 2900 pars
545 2849 639 2902 magna
654 2831 778 2900 suismet,
806 2839 852 2887 aut
865 2847 926 2900 pre·

266 2945 409 3004 numerum
422 2929 482 2984 telis
494 2967 502 2995 ‚
521 2931 600 2985 ceteri
610 2931 668 2987 viee
680 2945 803 3001 pecorum
815 2927 923 2983 obtrun-

266 3023 407 3112 leebentut.
431 3027 541 3080 Nonius.
590 3078 593 3084 ,
