2198 3796
267 495 324 558 3³0
394 485 449 544 nn
482 491 516 542 c.
543 487 790 544 cnnsnnrn

263 614 330 668 natis
346 611 398 668 suis
412 621 490 683 etque
508 613 651 668 amicorum
668 614 780 681 negotiis
798 614 921 682 implica.

262 710 301 775 ei,
317 709 387 763 haud
400 706 459 762 sane
475 708 539 777 reip.
556 703 669 764 consiliis
685 707 842 764 adsuerunt:
869 726 922 764 ne·

264 819 370 874 queens
386 804 467 872 magis
484 805 636 874 occupatio,
656 820 733 873 quem
746 801 854 872 superba
867 804 921 858 irn-

263 901 335 968 perio
349 898 495 968 distinuere.
532 897 660 954 Homines
670 897 771 954 nobiles
785 917 843 954 eum
852 917 920 968 pau-

264 995 300 1048 cis
313 993 463 1062 senatoriis,
482 996 730 1064 quoondditemento
739 993 858 1049 sessionis
867 996 918 1049 ha-

263 1091 343 1156 bent,
360 1107 536 1160 quaecumque
546 1089 628 1146 libuit
641 1091 766 1160 probare,
776 1093 918 1160 reprehen-

178 1243 180 1248 ,
265 1187 342 1252 dere,
361 1189 517 1252 decernere,
543 1202 592 1252 ee,
612 1188 652 1242 vti
672 1186 754 1242 libido
773 1187 853 1253 tulit,
876 1186 918 1241 se-

265 1297 331 1336 cere.
368 1283 464 1336 Verum
476 1280 538 1348 vbi,
555 1297 664 1339 numero
677 1281 820 1338 senatorum
831 1285 915 1351 auito,

235 1323 312 1500 lucr
327 1376 449 1431 tabellam
476 1366 624 1432 sententiae*
640 1377 777 1440 dicentur;
809 1397 857 1434 nec
874 1379 916 1434 illi

263 1469 409 1538 snperbiam
429 1469 501 1525 suam
519 1474 668 1539 dimittent,
686 1471 732 1527 vbi
747 1475 781 1528 iis
794 1476 918 1531 obedien-

264 1567 327 1620 dum
343 1568 409 1632 erit,
428 1567 524 1636 quibus
540 1577 615 1624 antea
636 1567 815 1629 crudelissume
833 1571 919 1640 irnpe-

263 1660 387 1718 citabant.

490 1759 561 1814 cnr.
597 1757 674 1818 XII.

299 1845 434 1920 Forsitan,
452 1857 606 1924 imperator,
619 1853 740 1925 perledrie
752 1853 855 1923 litteris,
871 1856 918 1912 de-

264 1945 375 2019 fideres,
391 1969 469 2022 quem
482 1967 621 2006 numerum
634 1949 779 2007 senatorum
789 1950 846 2007 fieri
860 1952 919 2021 pla-

265 2056 338 2108 ceat;
357 2063 459 2118 qunque
475 2051 553 2103 modo
565 2049 594 2104 in
612 2049 695 2104 multu
709 2055 736 2106 et
752 2047 918 2103 vanaofficiu

266 2141 449 2209 distribuerem
474 2143 571 2200 iudicia
585 2145 708 2213 quoniam
721 2145 820 2213 primae
836 2141 918 2198 cleffie

237 2167 393 2338 {mittenda
406 2246 514 2308 putem,
542 2255 608 2308 quae
626 2237 779 2305 descriptio,
805 2239 850 2305 qui
869 2255 919 2294 nu·

239 2339 245 2426 Ι
264 2352 351 2390 merus
370 2336 398 2386 in
423 2315 525 2401 quoque
547 2347 644 2398 genere
662 2329 767 2384 funins
786 2327 827 2384 fit
877 2331 919 2387 Ee

264 2429 330 2483 mihi
350 2427 436 2479 omnia
453 2424 597 2490 generatim
615 2419 757 2476 describere
769 2423 918 2489 hauddiffi.

265 2524 315 2577 cile
330 2519 401 2572 sustu
414 2517 483 2572 suite
500 2513 544 2571 sed
557 2517 629 2586 prius
645 2517 817 2575 laborandum
834 2522 917 2579 visum

264 2617 300 2672 est
320 2618 352 2670 de
369 2611 468 2670 summe
488 2613 606 2682 oonfilii,
631 2615 710 2686 idque
733 2615 783 2670 tibi
806 2613 916 2688 proben-

213 2694 218 2720 ¹
264 2715 326 2768 dum
340 2729 433 2768 verum
445 2707 504 2766 effe.
549 2711 577 2766 Si
595 2711 646 2767 hoc
662 2711 756 2768 itinere
773 2715 813 2770 vti
830 2717 917 2769 decre-

263 2811 349 2877 ueris,
368 2817 454 2866 cetera
474 2808 502 2862 in
522 2816 627 2877 promtu
646 2818 731 2864 erunt.
779 2807 845 2865 Volo
868 2825 915 2877 ege

265 2907 401 2965 confilium
419 2884 507 2961 rreum
524 2907 659 2974 prudens,
677 2921 849 2974 maxumeque
860 2901 915 2958 osui

265 3003 324 3060 esse.
357 3003 425 3058 Nun
438 3001 595 3072 ubicumque
617 3002 666 3058 tibi
687 3019 727 3058 rer
740 2997 858 3071 prospere
875 3015 916 3054 ce·
944 3053 945 3056 ,
