2228 3800
326 523 693 592 PRAEFATIO
772 545 838 592 xrrr

190 689 249 750 ne,
270 674 306 736 nd
322 673 473 738 iudicanda
481 673 725 752 discernendique
742 675 841 768 omnin

192 804 354 884 legentibus
370 807 444 869 viam
462 807 580 885 praeire.
621 807 665 870 rid
673 825 758 885 quam
767 827 840 883 rem,

193 955 261 1002 cum
275 951 306 1000 et
329 938 456 1016 proprian
481 957 551 1017 npes
577 939 728 1017 anquirere
751 937 842 1016 cepis·

193 1067 277 1142 sem,
314 1069 446 1132 codicem
470 1068 721 1148 manuscriptum,
753 1089 841 1148 quem

194 1197 310 1277 collegii
334 1198 459 1262 Carolini
485 1199 586 1264 scrinia
604 1201 734 1276 seruant,
763 1199 842 1264 hand

195 1331 442 1396 contemnendum
462 1331 630 1394 conferendi
655 1329 775 1396 facultas
791 1335 843 1396 ob·

180 1445 322 1532 'lataest:
345 1460 426 1524 finni
442 1461 530 1526 aliurn
541 1461 663 1539 librum,
684 1465 734 1544 qui
744 1477 842 1528 temen

195 1592 350 1676 Catilinam¹
362 1595 451 1658 modo
475 1595 645 1670 exhiberet,
666 1594 842 1662 bibliothece

130 1749 133 1756 ·
193 1723 310 1802 publica
324 1724 523 1804 suppediteuit.
564 1725 767 1806 Etsuperioren
782 1727 843 1804 qui·

195 1856 264 1920 dem
284 1855 345 1922 illas
362 1858 541 1922 membranas
558 1857 595 1920 ad
614 1857 768 1920 dimidium
783 1857 844 1922 iere

78 1993 80 2000 '
196 1985 347 2052 Catilinam
373 1987 508 2064 excussr,
537 1988 674 2067 grauioris
702 1989 845 2052 momenti

65 2163 71 2177 ,
194 2116 334 2180 Ῑεέὶίοηεε
355 2138 431 2182 cum·
445 2119 621 2198 reliquorum
642 2118 776 2182 codicum
796 2139 845 2184 va·
916 2157 919 2166 ‚

119 2320 124 2329 s
194 2249 295 2314 rietate
303 2250 512 2314 commentario
520 2247 686 2326 amplexus,
701 2269 769 2312 cunr
781 2249 846 2312 bre-

195 2385 225 2448 ui
237 2397 266 2448 et
281 2383 367 2448 huius
385 2381 494 2454 consilii
515 2381 691 2460 poenitentia
699 2379 843 2466 subiisset.

195 2515 350 2590 Enimuero
366 2514 440 2578 iilud
455 2513 529 2576 mihi
544 2513 689 2587 innotuit,
720 2513 799 2588 quod
814 2523 846 2576 et

196 2646 232 2708 ab
255 2643 317 2708 aliie
339 2646 407 2708 viris
436 2645 528 2707 donis
554 2657 638 2707 antea
663 2643 845 2706 obseruatum

196 2791 275 2853 erat,
297 2796 355 2856 quo
365 2776 455 2838 maior
470 2774 609 2840 librorum
623 2794 760 2840 numerus
775 2775 846 2838 effen

196 2909 329 2984 collatus,
345 2919 427 2972 tanto
442 2909 584 2990 minorem
601 2907 727 2970 fructum
742 2906 778 2970 ab
793 2927 846 2969 nn·

196 3041 308 3111 uiffimo
331 3059 465 3138 quoqne,
487 3040 518 3102 in
533 3041 591 3106 hoc
605 3055 726 3120 genere,
747 3037 845 3103 labore
