2228 3800
338 483 703 576 PRAEFATIO
797 525 857 572 m

210 669 283 722 tatus
301 679 388 728 eram.
433 660 546 738 Quibus
564 660 648 738 igitur
665 657 743 720 illam
756 633 874 738 vtilem¹

210 790 271 852 fore
282 789 437 870 spe‘rabam,
453 811 502 854 eos
522 811 577 854 nec
593 791 762 870 interpretis,
771 809 859 868 opem

209 922 291 1000 saepe
308 924 531 996 defideraturos,
562 937 592 985 et
613 922 632 982 fi
650 921 765 999 quando
787 942 859 1000 quae

206 1053 389 1134 ‘intelligendi
409 1053 559 1117 difficultas
574 1053 754 1127 nasceretur,
775 1053 861 1116 facile

213 1185 263 1246 fibi
285 1179 405 1247 aliunde'
420 1184 525 1247 auxilia
550 1197 695 1262 paraturos
720 1185 862 1248 existima·

207 1316 296 1379 bam:
319 1337 384 1379 cum
400 1329 508 1388 contra,
523 1315 652 1378 lectionis
668 1289 861 1400 diuerfitateni

214 1467 250 1512 ex
267 1450 389 1527 operofis
405 1450 549 1511 editorum
565 1451 777 1510 commentariis
793 1471 862 1512 con·

214 1581 461 1660 quirereimmenfi
475 1581 624 1642 cuiusdam
635 1579 739 1642 laboris
753 1601 786 1643 ac
804 1597 862 1644 tae·

215 1708 255 1776 dii
268 1735 329 1775 rem
344 1713 416 1787 effe,
435 1713 494 1791 ipse
506 1712 569 1774 satis
582 1711 686 1773 fuerim
696 1728 842 1790 expertus.

263 1846 297 1908 In
321 1845 366 1906 his
390 1841 487 1906 autelh
512 1845 530 1904 fi
551 1862 623 1922 quae
646 1845 783 1921 peccaui,
814 1855 864 1908 aut

217 1976 303 2038 ficubi
320 1977 485 2053 imprudens
498 1975 589 2053 lapsus
603 1975 717 2048 fuerim,
733 1995 791 2036 non
802 1978 864 2039 eius

218 2085 258 2169 re'i
278 2105 545 2179 &stimulationem
570 2105 619 2167 sed
643 2108 755 2168 veniam
778 2121 807 2170 et
821 2109 865 2170 in·

219 2239 327 2302 dicium
347 2237 382 2299 ab
403 2237 498 2313 aequis
521 2238 675 2314 peritisque
699 2258 796 2300 earum
823 2259 866 2300 re·

218 2358 403 2434 rumarbifiris
420 2385 505 2446 peto,
528 2383 559 2430 vt
576 2367 594 2429 ss
611 2387 695 2446 quam
710 2371 783 2431 forte
795 2370 867 2431 firni-

219 2499 277 2562 lem
291 2499 352 2561 aliis
369 2497 552 2580 scriptoribhs
571 2521 688 2578 operam
709 2501 864 2562 collaturus

222 2631 294 2703 sam,
313 2631 385 2694 illud
400 2634 429 2692 in
447 2633 588 2715 postprum
613 2634 762 2710 corrigam.
805 2631 869 2694 Ma-

222 2765 301 2826 xime
320 2773 414 2825 autem
437 2762 487 2822 tibi
504 2765 794 2844 Srfflmnrcmu,
825 2765 869 2826 vit

222 2897 346 2974 optime,
375 2881 427 2972 qui¹
442 2911 579 2971 quantum
607 2897 636 2957 in
654 2897 746 2958 isthoc
766 2897 870 2958 destri-

222 3049 274 3090 nae
291 3047 395 3108 genere
408 3027 524 3100 valeas,
547 3047 615 3104 quas
638 3031 672 3090 ad
695 3029 869 3106 Sophoclem
893 3034 895 3040 ’
