2228 3800
268 529 305 576 vr
404 509 819 612 nunnunrro·

267 658 308 720 ris
331 653 514 735 scriptoribus
540 657 760 728 meditabantur.
821 654 915 719 Simul

268 807 325 870 ego
340 801 471 868 rogatus,
492 789 612 863 uthoc,
634 790 774 870 quidquid
797 801 859 853 erat
875 787 916 850 la-

267 919 362 996 boris,
384 920 572 1015 defungerer,
603 919 652 982 vel
670 922 747 998 quod
766 881 916 984 eorrfiiium

267 1073 320 1133 per
339 1053 367 1114 ie
386 1053 458 1115 mihi
475 1051 558 1115 valde
576 1051 763 1130 probaretur,
784 1053 832 1115 vei
849 1054 916 1132 quia

267 1183 339 1249 olim
360 1186 473 1250 animus
492 1145 529 1248 ed
550 1183 611 1248 iilas
626 1183 721 1271 literas
741 1183 913 1261 inclinaret,
1031 1207 1033 1212 ·

266 1317 448 1396 aequissimae
469 1315 655 1382 honestorum
688 1318 817 1382 virorum
843 1318 917 1398 peti·

267 1448 345 1514 tioni
364 1447 624 1527 obtemperandum
646 1437 721 1512 ⁴snm
752 1449 913 1512 arbitratus·

266 1579 388 1664 Initium
411 1579 520 1642 fanum
545 1577 582 1644 ab
603 1577 757 1654 Sallustio,
790 1579 917 1644 historia·

266 1731 333 1778 rum
344 1712 418 1776 inter
426 1710 571 1774 Romanos
583 1707 830 1790 scriptoreefacile
839 1712 917 1791 prin·

194 1860 196 1868 ’
267 1845 351 1924 cipe,
372 1854 403 1906 et
416 1862 474 1922 qun
489 1862 506 1905 a
520 1843 620 1924 primis
636 1842 718 1906 annis
735 1844 839 1908 veteris
857 1864 917 1908 me-

266 1976 375 2040 moriae
396 1978 542 2040 autiorem
565 1969 653 2039 aliurn
682 1977 831 2040 neminem
861 1997 917 2042 nec

205 2161 207 2172 .
265 2105 377 2188 saepius
394 2127 450 2170 nec
471 2107 618 2173 lubentius
635 2105 838 2173 iettitaueianr.
860 2109 917 2193 ¹In

266 2261 326 2330 qun
341 2241 488 2319 ornando,
510 2263 568 2324 qun
587 2224 764 2323 pntiffimum
786 2243 917 2304 animum

266 2374 457 2450 intenderim,
477 2393 516 2436 ne
532 2375 648 2452 quando
659 2373 785 2436 inuidiae
807 2373 863 2449 fit,
883 2393 917 2444 ea

267 2522 329 2568 non
349 2503 512 2582 praestitiiie
531 2505 641 2581 videri,
663 2524 736 2582 quae
759 2480 917 2566 tamenin

267 2637 358 2701 stituti
372 2637 444 2700 ratio
458 2637 518 2718 ipsa
527 2637 646 2703 minime
658 2636 834 2716 patiebatur,
854 2636 917 2702 bre-

202 2796 205 2802 ·
269 2769 343 2834 uiter
358 2771 564 2852 explicandum
581 2770 652 2834 mihi
669 2770 762 2833 viden.

308 2899 408 2980 Itaque
423 2908 568 2968 auctorem
584 2904 677 2982 ipsum
692 2904 729 2964 nd
738 2900 839 2974 Curtii,
859 2916 917 2976 quo

271 2999 423 3100 (initorum
438 3036 568 3120 virorum¹
582 3036 618 3098 de
639 3033 738 3114 Crispo
759 3029 861 3094 melius
878 3027 918 3092 al·
956 3107 959 3118 ι
