2242 3800
322 471 713 556 rvmunr'nr.
791 505 846 562 ης

196 626 252 681 heti
266 633 292 681 'a
314 625 401 681 Bestia
426 625 554 681 exercitui
576 633 738 695 praeerant,
768 621 850 680 secuti
906 617 908 628 ⁴

145 729 149 734 '
196 739 294 778 morem
318 703 501 792 imperatoris,
527 715 641 790 plurima
662 731 689 778 et
707 717 849 792 flaginms-

195 815 267 872 suma
282 818 399 881 facinora
408 817 504 874 fecere.
540 817 644 884 Fuere,
663 820 707 888 qui
720 835 850 874 arnober-

195 917 266 983 rupti
284 915 437 984 elephantos
455 914 600 982 Iugurthae
620 915 775 977 traderent3
803 914 850 968 alii

196 1009 318 1080 perfugas
334 1011 472 1067 vendere3
501 1023 561 1075 pars
575 1025 608 1060 err
627 1011 727 1075 pacatis
741 1011 850 1077 praedae

195 1105 316 1173 agebant.
352 1110 427 1156 tanta
439 1103 480 1155 vis
497 1103 625 1154 auaritiae
646 1104 675 1154 In
689 1105 790 1156 animos
807 1121 851 1157 eo·

194 1215 270 1262 rum,
288 1195 483 1260 ventitabas,
510 1192 647 1250 inuaserat
683 1196 720 1250 At
738 1194 850 1262 Caffius,

194 1273 298 1364 perlata
319 1291 453 1360 rogatione
473 1289 531 1363 ac.
543 1289 690 1357 Memmio,
708 1307 738 1346 ac
750 1293 852 1362 percul-

196 1387 225 1444 sa
236 1388 308 1442 omni
324 1387 479 1454 nobilitate,
497 1387 698 1457 adhegrinum
714 1387 851 1457 proticisci-

198 1491 261 1546 turr
290 1485 315 1540 ei
336 1485 428 1556 timido
446 1493 473 1540 et
492 1502 525 1540 ex
549 1481 705 1540 cbnseientia
722 1483 851 1542 rbffidenti

197 1581 275 1636 rebus
291 1579 343 1638 suis
360 1580 496 1651 persuadet
509 1597 518 1635 r
544 1599 591 1652 quo
602 1581 633 1644 se
653 1582 743 1651 populo
758 1580 851 1634 Romu·

197 1695 228 1728 no
242 1673 386 1748 dedimffit,
408 1695 440 1734 ue
451 1681 526 1744 vim,
549 1695 623 1748 quam
638 1676 850 1742 misericordiam,

197 1755 311 1840 caperit-i
327 1775 418 1830 mallet.
467 1773 592 1828 Priuatinr
617 1779 750 1840 praeterea
770 1770 851 1827 fidem

198 1865 269 1921 sumn
290 1870 454 1939 interponit,
483 1885 561 1938 quam
580 1868 628 1924 ille
649 1881 703 1922 non
724 1865 850 1933 primoris,

197 1977 276 2029 quam
302 1964 433 2030 publicam
459 1965 578 2020 ducebat.
613 1961 673 2020 tulit
698 1979 728 2018 ea
751 1970 850 2034 tempe-

198 2054 261 2110 state
273 2053 344 2110 fama
362 2059 394 2112 de
411 2057 500 2112 Caffib.

381 2151 454 2205 Chr.
491 2151 664 2218 XXXIII,

245 2249 328 2318 Igitur
348 2248 492 2317 Iugurtha,
518 2259 608 2305 eontra
630 2251 709 2308 decus
732 2255 851 2322 regium,

200 2345 273 2400 erritu
290 2359 367 2414 quarn
378 2360 500 2402 marmure
511 2343 670 2414 miserabili,
688 2337 749 2404 ‘eum
769 2344 851 2403 Caffio

199 2439 308 2492 Romam
326 2441 408 2494 venit.
444 2440 484 2497 Ar
500 2432 588 2498 tnm'en
608 2442 654 2500 etii
673 2447 702 2500 in
722 2443 776 2514 ipso
796 2460 851 2498 ma·

199 2536 411 2611 gna·.visan1nri
429 2547 501 2606 erat,
530 2535 696 2596 confirmatus
719 2541 751 2594 ab
768 2541 852 2594 unmi-

201 2630 272 2695 bus,
300 2647 410 2700 quorum
433 2635 550 2700 porentia
575 2643 620 2690 aut
644 2635 741 2690 scelere
759 2633 853 2690 eunstn

199 2723 329 2795 generem
356 2727 386 2782 C.
406 2725 533 2782 Baebium
544 2729 682 2784 tribunum
695 2729 782 2797 plene
797 2731 852 2784 mi-

199 2837 251 2891 gna
265 2825 385 2878 mercede
398 2830 487 2892 parat,
507 2823 580 2880 euius
592 2824 754 2892 impudentia
763 2833 853 2880 eontra

200 2919 242 2972 ius
260 2927 287 2976 et
301 2920 410 2982 iniurius
428 2919 512 2974 omnis
528 2919 646 2990 munitus
663 2917 739 2974 foret.
774 2919 850 2976 AtC.
917 2969 925 2998 ,i

127 3051 130 3066 .
199 3011 362 3083 Memmius,
388 3019 512 3072 armena
528 3015 671 3104 emtione,
697 3029 852 3085 quamquem
