2204 3810
287 533 362 588 ‚Au
414 530 714 588 CATILINAM·
773 530 832 600 ¹381

191 657 281 724 cambo
302 657 420 712 collatus.
456 657 544 711 Latius
566 654 602 710 fic
625 663 714 724 patere
735 655 836 712 senten-

190 742 253 794 tiam
269 740 370 796 eortius
390 740 526 808 obstruat,
551 739 621 811 quafi
637 742 836 810 intelligendum

190 823 276 880 foret:
302 844 341 880 me
355 829 437 894 mihi,
463 847 508 880 vos
526 830 596 880 vobis
619 829 715 880 timere.
750 826 836 894 Vulgo

191 917 294 964 autem:
313 913 394 977 refert
414 930 452 965 me
470 915 534 965 mihi
549 920 597 966 cet.

225 995 254 1048 P.
267 999 309 1060 64.
325 995 345 1049 l.
355 1013 396 1049 22.
417 999 472 1050 dux
483 996 591 1050 hostium
601 994 676 1064 supra
687 997 805 1064 caputelt
815 991 836 1063 r]

190 1079 299 1147 Vulgo:
327 1096 382 1132 oum
406 1083 518 1132 exercitu
530 1081 556 1142 s.
574 1099 595 1132 e.
611 1100 631 1134 e.
670 1083 742 1145 Quae
760 1091 837 1136 voces·

191 1164 219 1215 in
235 1163 389 1230 quibusdam
404 1161 491 1218 locum
509 1170 635 1230 mutant„
648 1173 674 1219 et
689 1165 791 1220 Fabric.
813 1179 836 1218 r.

145 1309 147 1315 ,
191 1247 260 1300 inter
278 1245 367 1301 versus
388 1249 503 1316 adpiltae
528 1246 594 1302 lunt.
631 1236 693 1303 lrleo
720 1250 820 1303 eortius
817 1289 839 1331 al

193 1333 308 1400 εῐηιιοά
326 1329 409 1386 abelle
426 1332 494 1402 polle
513 1333 696 1400 arbitraretur,
714 1333 854 1390 exturbo*

192 1415 247 1468 uit:
267 1433 431 1486 quanquam,
450 1435 503 1473 non
516 1419 650 1488 quidquid·
660 1417 749 1488 sponte
760 1419 838 1474 intel·

191 1499 299 1570 ligitur,
316 1501 400 1556 statim
417 1503 596 1572 ablegandum.
790 1503 792 1512 “
856 1511 860 1518 “

225 1585 255 1640 P.
268 1589 309 1652 65.
324 1587 343 1640 l.
356 1604 379 1642 1.
409 1589 533 1656 Neista]
570 1590 612 1643 Al.
633 1585 699 1643 Nm.
735 1591 838 1644 Serllr'·

192 1669 288 1725 brarios
303 1691 332 1726 ne
346 1672 375 1726 ir'r
391 1674 521 1742 plerisque
532 1677 605 1729 codd.
617 1673 752 1739 inrueniss'e,
769 1676 837 1738 illud

192 1765 344 1826 argumento
358 1757 409 1824 est,
429 1761 497 1827 quod
514 1759 604 1826 plures
619 1761 717 1813 addunt
728 1760 838 1812 verbum
910 1820 916 1829 1

191 1859 287 1894 vereor.
324 1842 390 1894 Eam
400 1851 487 1896 autem
507 1844 659 1908 particulam
676 1846 730 1908 per<
740 1841 838 1895 oescri·

192 1924 270 1979 bendl
280 1927 385 1978 modum
396 1940 494 1978 nouum
503 1923 552 1978 elle
567 1926 685 1988 ostendit,
693 1925 755 1977 telle
765 1925 835 1978 Cort.
927 1920 931 1938 ‘

192 2007 338 2076 Malalpina
354 2010 386 2062 ad
406 2009 459 2083 Cio.
475 2021 519 2062 vl.
539 2011 593 2063 Att.
614 2008 684 2077 epist.
701 2025 737 2062 12<
762 2009 838 2064 Certe'

80 2144 84 2154 ,
194 2092 275 2146 Corrii
294 2093 367 2146 codd.
389 2109 477 2146 omnes
498 2092 605 2161 legunt,
621 2112 658 2146 ne.

228 2176 295 2232 Ibid.
307 2176 326 2229 l.
336 2180 360 2231 6.
380 2178 419 2230 dis
439 2178 552 2231 lmmort.
564 2175 683 2244 confifi‚]
703 2179 781 2233 Codd.
794 2182 839 2232 vr'·

91 2243 93 2248 ,
193 2261 282 2316 delicet
300 2264 403 2316 discet.
441 2259 517 2325 Quod
537 2257 657 2328 eortius,
686 2279 746 2316 cum
762 2266 838 2317 modo

186 2348 288 2410 scilicet
310 2347 408 2402 diuum
424 2345 532 2412 fuisset,
560 2365 621 2401 mox
646 2349 766 2402 videlicet
789 2352 839 2404 ite-

179 2440 285 2499 aetur,
311 2442 434 2502 tanquam
450 2434 572 2502 putidum
598 2441 624 2489 et
638 2435 772 2503 ingratum
793 2451 839 2487 ex-

165 2519 296 2585 ‘punxit
331 2519 424 2573 Miror.
460 2519 527 2572 Nam
548 2519 658 2574 hicnon
675 2518 729 2574 fine
747 2517 839 2574 acerba

192 2602 277 2652 ironia
292 2603 403 2656 dicitur:
423 2610 450 2656 et
459 2603 599 2659 interiettis
614 2605 718 2659 demum
730 2619 770 2657 12.
780 2619 839 2658 ver-

185 2676 262 2738 'srbus
281 2686 400 2740 iteratur.

228 2769 294 2824 Ibid.
314 2770 391 2824 l.1o.
415 2769 552 2838 prospera]
588 2771 689 2841 Vulgo:
716 2775 836 2844 prospera.

194 2854 270 2908 Illam
288 2872 376 2910 veram
396 2863 422 2910 et
440 2857 572 2924 antiquam
586 2856 724 2912 lettionem
739 2877 754 2913 e
772 2859 839 2912 mul-

193 2942 227 2994 tis
249 2943 322 2995 codd.
343 2941 478 2994 reuocauit
494 2939 621 2996 eortius:
650 2959 727 3010 quam
747 2952 773 2998 et
794 2942 839 2997 sex
950 2967 953 2980 ν

195 3025 349 3092 hidenses,
368 3024 507 3094 inquibus
528 3029 639 3096 optimus
658 3042 675 3079 r.
692 3027 797 3082 habent.
