2242 3800
266 559 323 620 118
394 531 785 615 sanuvs'ru

168 712 170 716 ·
261 686 348 754 risque
365 701 398 740 ex
414 683 527 739 faitione
545 684 601 738 eius
615 683 761 752 corruptis,
782 701 915 742 acerrume

261 797 348 850 regent
371 763 589 850 irnpugnaueratr
620 787 709 835 tamen
735 783 916 850 magnitudine

261 877 387 946 pecuniae
407 876 506 931 abono
526 875 683 945 honestoque
695 875 724 928 in
743 893 853 944 prauum
871 878 915 932 ab·

260 971 366 1028 iirnsius
377 971 421 1028 est.
458 972 510 1027 Sed
529 971 657 1042 Iugurtha
674 973 788 1041 primum
800 979 916 1028 tantum-

260 1071 336 1123 modo
356 1069 421 1126 belii
436 1084 536 1124 moram
548 1051 718 1134 redimebat,
737 1066 913 1136 existumans,

260 1162 311 1222 sese
328 1165 428 1238 aliquid
441 1165 548 1220 interim
566 1165 663 1220 Romae
678 1165 779 1233 pretio,
798 1171 843 1219 aut
858 1181 915 1234 gra-

260 1263 296 1317 tin
315 1261 492 1318 effetiururn:
520 1261 606 1331 postea
628 1277 788 1330 veroquam
809 1261 916 1330 partici-

259 1373 319 1428 pent
338 1359 436 1426 negotii
454 1357 580 1412 Sentinum
598 1365 751 1424 acceperam
778 1358 807 1411 in
825 1373 917 1412 maxu-

189 1488 191 1499 .
258 1467 328 1504 mani
339 1449 410 1519 spem
429 1451 554 1505 adeiustus
569 1451 762 1518 recuperandae
771 1453 853 1517 pacis,
867 1452 916 1508 sta·

209 1611 213 1620 ι
259 1545 312 1608 tuit
328 1559 388 1598 cunr
409 1544 445 1598 eis
466 1545 498 1598 de
518 1543 639 1598 omnibus
657 1543 822 1611 pettionibus
840 1560 915 1610 prae,

239 1636 316 1697 ·sens
332 1641 416 1709 agere.
453 1638 576 1693 Ceterum
591 1637 708 1700 interea,
727 1636 789 1690 iidei
810 1637 913 1706 euuffa,

231 1743 234 1754 “
258 1734 408 1792 mittitura
428 1731 541 1789 Consule
557 1732 662 1786 Sextius
682 1727 805 1800 Quaestor
820 1733 849 1786 in
868 1751 915 1805 op.

258 1830 348 1904 pidum
362 1827 505 1899 Iugurthae
523 1829 638 1897 Vagam:
666 1829 740 1883 euius
759 1829 798 1882 rei
815 1825 914 1898 species

209 1981 212 1988 ,
260 1933 314 1992 erat
340 1927 457 1994 acceptio
479 1923 631 1991 frumenti,
660 1926 729 1994 quod
755 1923 914 1994 Calpurnius

257 2020 343 2090 palam
360 2009 459 2090 legatie
469 2023 642 2090 imperauerat
660 2039 667 2074 ε
694 2023 818 2092 quoniam
841 2023 914 2078 dedi-

258 2115 338 2170 tionis
358 2132 431 2172 mora
453 2119 576 2184 indutiae
597 2117 773 2189 agitabantur.
828 2118 915 2190 Igitur

237 2206 320 2279 rex,
339 2213 379 2269 vti
397 2211 580 2281 constituerat,
605 2216 634 2270 in
657 2213 738 2270 castra
760 2216 855 2270 venit:
882 2231 915 2269 ae

258 2323 359 2378 patrea,
377 2307 505 2379 praesenti
528 2309 652 2377 consilio,
670 2309 775 2365 loeutus
791 2311 824 2363 de
844 2309 915 2362 inui-

260 2404 302 2458 uia
319 2403 399 2472 faeti,
418 2413 496 2477 atque
510 2407 538 2460 in
558 2404 716 2461 deditionem
732 2403 772 2459 vti
783 2404 915 2472 accipere·

258 2506 319 2561 tur3
347 2500 447 2571 reliqua
472 2517 531 2558 cunr
550 2499 635 2557 Bestia
660 2507 687 2555 et
703 2497 801 2555 Scauro
816 2497 914 2556 secreta

258 2593 394 2666 tranfigit:
421 2598 482 2652 dein
497 2583 598 2668 postue
615 2597 673 2664 die,
693 2593 763 2668 quasi
783 2611 831 2665 per
845 2595 914 2653 satu·

259 2707 315 2748 tarn
331 2691 463 2762 exquisitis
479 2690 631 2760 sententiis,
648 2694 677 2748 in
700 2693 859 2748 deditionem
872 2708 914 2747 ae-

259 2787 363 2858 cipitur.
400 2788 469 2857 Sed,
485 2791 526 2846 vti
542 2804 590 2860 pro
612 2787 718 2845 consilio
735 2779 913 2859 impetamur,

260 2882 393 2952 elephanti
410 2885 540 2956 triginta,
557 2903 637 2956 pecus
657 2895 735 2958 atque
747 2885 808 2954 equi
824 2883 913 2950 multi,

261 2995 321 3052 cunr¹
344 2995 426 3050 paruo
453 2984 554 3054 argenti
572 2985 688 3054 pondere
707 2979 840 3047 Quaestori
860 2987 914 3034 tra·

155 3069 159 3082 ‘
259 3075 367 3132 tuter.
404 3077 560 3148 calunnius
576 3077 731 3138 Romanas
750 3075 913 3148 magistratus
