2198 3796
245 491 319 572 ³276
390 507 781 586 salunvsarr

252 629 325 696 nia,
353 630 585 698 circumgredimur
609 631 752 685 exercitum
781 629 834 687 fine
856 631 914 688 iru-
981 646 989 652 ·

259 733 348 780 mento
360 723 373 791 ζ
387 723 441 779 fine
461 714 586 778 auxiliis:
616 725 740 792 furmina,
758 736 804 783 ant
820 721 913 783 nolitis

258 821 344 887 vitiis,
364 821 450 876 adhuc
462 821 630 876 incolumem.
666 821 760 890 Teque
777 823 825 876 illa
842 823 913 878 fama

218 956 221 964 .
258 913 398 984 sequetur,
418 917 517 970 auxilio
530 905 676 984 profedbum
686 919 787 986 magnis
797 918 912 988 regibus,

258 1010 373 1066 latrones
389 1013 508 1082 gentium
526 1009 679 1079 opprellille.
723 1014 798 1078 Quod
814 1015 853 1068 vti
871 1013 913 1066 fa-

259 1108 312 1161 cias
327 1103 438 1173 moneo,
457 1107 616 1176 hortorquc3
642 1125 695 1162 neu
709 1109 912 1178 malis'pernicie

258 1203 344 1262 nultra
361 1212 433 1258 tuam
455 1196 602 1271 prblatare,
629 1220 706 1272 quam
727 1202 850 1260 societate
872 1205 913 1260 vi·

259 1299 313 1353 dior
331 1297 397 1354 fieri.
992 1279 997 1286 ⁸

293 1395 371 1447 Curio
386 1393 600 1449 vulcanaliorum
618 1393 661 1448 die
674 1391 771 1448 ibidem
786 1404 910 1452 moratus.

257 1490 359 1543 Nonius
379 1489 407 1542 de
425 1498 524 1542 mutata
542 1487 712 1541 dictinctione.
742 1491 838 1553 chariſs
857 1493 909 1547 1.1.

293 1584 382 1638 Scalas
407 1600 482 1654 pares
503 1583 635 1638 moenium
659 1581 806 1638 altitudine.
842 1585 911 1640 Aru-

246 1679 343 1750 fianus.

292 1773 418 1831 Dillidere
434 1777 503 1830 inter
515 1772 541 1830 le
556 1790 680 1844 coepere,
698 1789 783 1843 neque
802 1773 832 1828 in
854 1791 909 1831 me·

257 1874 329 1928 dium
344 1869 496 1928 consultare.
528 1871 609 1927 Idem.

255 1985 259 1998 ¹
291 1969 438 2038 Multisque
451 1965 638 2036 suspicionibus
652 1967 771 2024 volentia
789 1965 861 2037 plebi
873 1964 912 2020 la·

256 2064 344 2119 dlunu
361 2063 509 2120 videbatur.
540 2065 660 2132 Nonius,
689 2063 823 2144 Valentia,
849 2081 912 2134 puae

253 2162 320 2230 plebs
332 2162 417 2215 veliet.

290 2255 478 2325 Sulpedbusque
497 2253 565 2317 fuit,
585 2255 713 2306 incertum
728 2265 791 2302 vcro
810 2266 844 2301 an
863 2265 910 2316 per

254 2351 459 2417 negligentiam,
476 2345 624 2398 societatem
635 2344 787 2409 praedarum
801 2359 860 2396 curn
870 2342 909 2396 la-

253 2442 371 2505 tronibus
400 2433 570 2506 composuisse.
610 2435 702 2504 Idem,
736 2433 909 2508 componere}

253 2527 409 2601 coniung'ere.

158 2663 163 2670 -
290 2629 424 2699 Collegam
438 2629 587 2695 minorem,
615 2636 642 2684 et
659 2625 697 2685 lui
719 2629 846 2688 cultorem
865 2647 909 2688 ex.

128 2699 140 2716 Ι
252 2723 379 2796 spadium.
408 2725 523 2794 Arufian.
890 2737 892 2742 ’

288 2823 373 2888 Quam
398 2823 529 2877 maxumis
555 2822 694 2878 itineribus
718 2821 769 2892 'per
799 2839 908 2892 regnum

254 2918 438 2975 Ariobarzanis
455 2919 605 2985 contendit,
625 2921 658 2974 ad
670 2918 766 2973 ilumen
787 2915 908 2986 Euphra-

256 3023 330 3079 tem3
358 3031 409 3088 qua
425 3016 453 3070 in
470 3021 544 3084 parte
560 3013 720 3084 Cappadocia
734 3013 767 3070 ab
783 3013 917 3068 Armenias
