2242 3800
315 491 700 548 IVGV·RTHA·
770 494 827 553 141

183 621 256 705 ciani
270 619 351 674 iubet.
405 617 507 674 Deinde
532 613 585 684 ipse
600 615 696 683 ¹paucis
720 614 830 680 diebus,
894 631 897 634 ·

180 717 281 770 intento
297 712 475 785 atqueinfesto
493 712 623 774 exercitu,
641 711 671 764 in
681 710 832 766 Numidiam

180 811 314 879 procedit:
333 809 396 875 vbi,
416 815 506 862 contra
521 805 586 860 belli
600 804 710 872 faciem,
728 807 832 874 tugrrrie

180 906 419 974 plenalunium,
437 917 530 970 pecora
539 899 701 968 cultoresque
710 901 738 954 in
747 901 830 970 agrisc

181 1017 214 1054 ex
232 1001 334 1069 oppidis
350 1006 376 1052 ct
393 995 540 1062 mapalibus
553 992 676 1060 praeferri
694 993 772 1062 Regis
787 996 833 1049 ob-
853 1014 855 1020 ·

180 1096 220 1149 nii
233 1092 423 1162 procedebant,
442 1089 544 1156 parati,
569 1085 730 1140 frumentum
755 1090 831 1155 dare,

177 1194 355 1242 commeatum
372 1191 489 1252 portare,
507 1179 633 1248 postremo
644 1175 747 1246 omnia,
766 1171 844 1251 quae¹
906 1235 908 1242 Α

182 1285 388 1349 imperarentur,
406 1277 502 1332 facere.
538 1275 630 1344 Neque
645 1274 771 1330 Metellus
794 1278 834 1331 id·

183 1378 251 1430 circo
267 1376 370 1441 minus,
389 1370 433 1428 sed
444 1372 556 1441 pariter,
576 1369 640 1424 aeli
660 1371 742 1426 hostes
764 1371 834 1427 edei-

181 1470 253 1537 sent,
271 1471 373 1526 munito
388 1469 491 1539 agmine
509 1469 648 1546 incedere,
671 1467 730 1523 late·
745 1468 834 1539 explo-

181 1583 239 1622 rare
264 1567 369 1632 omnia,
395 1565 444 1619 illa
469 1565 608 1620 deditionis
626 1561 699 1632 figna
723 1561 834 1620 ostentui

183 1665 305 1729 credere,
331 1671 358 1718 et
374 1660 471 1716 insidiis
489 1659 576 1715 locum
596 1667 705 1716 tentare.
741 1659 834 1730 ltaque

182 1757 233 1828 ipse
251 1775 310 1814 cum
331 1758 456 1826 expeditis
478 1755 645 1821 cohortibus,
664 1757 727 1810 irem
744 1755 834 1810 hrudi-

182 1863 268 1909 torum
286 1861 313 1907 et
329 1846 519 1921 sagittariorum
539 1851 637 1905 deletia
660 1863 740 1905 manu
765 1853 835 1920 apud

182 1951 281 2017 primos
297 1955 371 2020 erat3
389 1946 418 1998 in
430 1945 555 2012 postremo
569 1945 598 1998 C.
614 1945 718 2000 Marius
734 1945 833 2014 legatus

184 2059 244 2096 cum
264 2038 393 2108 equitibus
418 2039 542 2091 curabat:
560 2040 588 2092 in
607 2049 744 2107 vtnnnque
755 2041 852 2108 ,latus

185 2133 335 2190 auxiliarios
346 2133 446 2201 equites
459 2131 571 2207 tribunis
583 2131 715 2198 legionum
725 2142 751 2186 et
760 2149 835 2200 prae-

183 2232 258 2286 festis
275 2229 421 2285 cohortium
442 2224 635 2296 disperderent,
655 2227 771 2294 uticum
785 2228 835 2280 'his

182 2328 306 2397 permixti
330 2325 441 2389 velites,
471 2335 632 2392 quarumque
657 2321 834 2400 'accederenn

184 2424 313 2491 equitatus
343 2420 453 2475 hostiurn
478 2413 664 2488 propulsarent.
708 2416 779 2470 Nam
806 2417 835 2469 in

185 2516 312 2583 iugurtha
334 2523 422 2569 tantus
444 2514 537 2581 dolus,
556 2521 681 2582 tantaque
693 2513 786 2580 peritia
797 2511 836 2577 lq-

186 2625 274 2664 corum
294 2616 320 2663 et
347 2609 456 2662 militiae
484 2617 562 2673 erat,
585 2610 641 2672 vtI,
668 2605 776 2671 absens,
801 2622 836 2660 an

185 2700 321 2773 praesens,
339 2717 447 2770 pacem,
474 2718 507 2754 nn
524 2701 624 2755 bellurn
641 2715 731 2770 gerens
751 2702 837 2770 perni-

186 2797 275 2867 cicfior
289 2795 364 2864 esset,
382 2797 410 2850 in
428 2796 528 2851 incerto
542 2796 690 2858 haberetur.

382 2893 454 2946 Chr.
491 2889 654 2945 XLV11.·
694 2879 698 2883 ’
729 2909 731 2914 ·

220 2991 284 3046 Erat
302 2991 371 3045 haud
388 2989 464 3056 longe
484 2985 564 3040 abre
583 2988 697 3053 itincre,
714 3003 764 3056 quo
774 2987 835 3042 Me.
890 2972 893 2980 ’
980 3017 984 3030 ,
