2260 3800
253 535 319 639 Κ166
390 537 781 592 SALLVSTII
835 579 839 585 ,.

260 663 356 720 talibus
372 659 555 720 honestilsunra
571 660 753 731 suffragatione
768 657 916 716 consulatus

259 758 403 828 petebatur.
438 756 515 812 {inrui
530 775 562 814 ea
580 758 730 827 tempestate
745 755 853 826 plebes,
869 774 916 810 no-

260 855 362 908 bilitate
384 851 441 907 suh
457 872 504 923 per
527 853 612 923 legem
633 853 803 918 Mamiliam,
833 868 916 908 nouos

261 948 411 1008 extollebat.
448 949 489 1006 lta
503 949 590 1006 Mario
611 951 704 1005 contin
718 950 867 1018 procedere.

461 1047 533 1102 Gne.
571 1047 592 1101 L
602 1046 628 1100 X
640 1046 692 1100 VI.
891 1108 893 1112 Ι

294 1141 404 1198 Interim
423 1143 551 1214 Iugurtha
566 1141 716 1212 postquam,
735 1139 824 1196 omilin
845 1141 915 1194 dedi·

261 1239 351 1305 tione,
370 1240 471 1295 bellurn
485 1239 595 1307 incipit,
617 1255 676 1293 cunr
693 1255 786 1308 magna
801 1251 916 1304 curapa-

259 1349 318 1387 rare
336 1337 440 1400 omnia,
469 1334 612 1399 festinare,
639 1350 729 1401 eogere
752 1333 914 1388 exercitum:

262 1429 393 1493 ciuitates,
413 1446 480 1498 quae
497 1426 565 1480 able
582 1427 746 1492 defecerant,
765 1426 916 1491 formidine,

262 1530 308 1576 aut
322 1521 593 1588 ostentandopraemia
607 1519 751 1574 adfeotare:
772 1522 916 1576 communi-

261 1613 361 1692 reluos
376 1616 464 1680 locos,
492 1628 579 1678 moro,
597 1613 669 1679 tela,
695 1613 761 1679 alia,
786 1631 851 1682 quae
873 1613 916 1683 spe

260 1711 331 1782 pacis
350 1708 484 1774 amiserat,
511 1707 636 1773 reficere,
666 1715 711 1762 aut
730 1711 914 1768 commercari:

261 1803 366 1860 senritia
379 1805 556 1866 Romanorum
570 1802 702 1869 adlicere,
722 1811 748 1858 et
768 1819 810 1858 eos
832 1803 915 1872 ipsos,

262 1902 354 1970 quiin
376 1900 507 1969 proclidio
527 1907 632 1966 crant,
657 1901 768 1968 pecunia
793 1907 914 1956 tentare:

263 1993 364 2065 proclus
383 1995 451 2050 nihil
466 1995 612 2062 intactum,
631 2013 717 2066 neque
736 1996 856 2065 quietum
871 2014 916 2067 pa·

262 2093 307 2146 ti:
328 2091 420 2146 cunila
437 2091 544 2160 agilare.
593 2092 676 2162 Igitur
692 2091 836 2162 Vagenses,
864 2109 916 2172 quo

149 2219 152 2226 κ
262 2186 390 2243 Metellus
403 2189 495 2254 Initio,
512 2187 640 2258 Iugurtha
656 2186 828 2256 pacificante,
841 2203 916 2254 prae-

262 2280 355 2339 filiurn
367 2283 538 2353 imposuerat,
556 2283 659 2352 fatigati
675 2283 742 2349 regie
762 2280 914 2349 supplicio,

263 2395 349 2448 neque
374 2387 450 2435 antea
472 2377 608 2433 voluntate
629 2375 755 2440 alienati,
785 2375 914 2444 prinprec

264 2475 378 2532 ciuitatis
401 2475 471 2528 inter
493 2471 519 2527 se
539 2473 692 2526 coniurent:
720 2487 781 2524 nam
802 2470 915 2540 volgus,

215 2590 220 2594 ·
262 2573 302 2642 vti
320 2569 473 2641 plerumque
491 2567 575 2634 solet,
604 2575 631 2624 et
651 2583 772 2622 maxume
790 2566 931 2622 Nirmida·‘

264 2683 341 2732 rum,
364 2665 470 2734 ingenio
484 2664 591 2730 mobili,
616 2660 761 2719 seditiosum
779 2673 858 2734 atque
878 2665 917 2720 di-

264 2758 418 2816 scordiosum
434 2769 510 2828 erat,
530 2761 652 2829 cupidum
668 2777 801 2815 nouarum
811 2776 915 2824 rerum,

265 2857 348 2925 quieti
357 2864 384 2911 et
398 2859 451 2912 otio
465 2855 615 2912 aduersum:
635 2857 705 2922 rein,
719 2853 862 2923 compofitis
875 2853 917 2906 in-

264 2959 304 3006 ter
325 2950 350 3007 le
375 2953 451 3008 rebus
466 2941 482 3020 ζ
504 2956 573 3008 diem
599 2953 706 3008 tertium
732 2949 916 3016 constituunta

267 3047 336 3117 quod
344 3048 366 3100 is
381 3047 461 3108 festus
469 3048 665 3122 celebratusque
678 3060 836 3116 peromnem
845 3041 917 3098 Afri,
