2198 3796
249 505 310 566 272
392 495 774 596 enervamur

248 624 317 692 quod
326 621 485 679 'florentibus
501 620 618 691 optabile
626 620 686 688 eli,
705 639 753 691 ego
766 640 820 677 non
832 623 900 678 mli·

248 719 371 777 ddsumus
379 718 490 788 praebeo
501 717 669 785 exemplum,
688 731 738 786 quo
748 719 842 774 restim
854 727 902 774 tua

248 831 395 888 componas.
430 813 551 884 Namque
567 813 691 868 Romanis
713 831 772 868 cum
790 817 901 870 nationi-

139 884 147 898 ·
176 931 182 942 “
247 912 313 976 bus,
333 909 462 980 populis,
480 909 585 979 regibus
608 908 732 976 cuneis,
757 927 809 964 vna
826 918 852 964 et
871 926 902 975 ea

246 1013 323 1085 petras
342 1003 426 1062 caum
443 1005 561 1060 bellandi
577 1003 632 1071 est,
659 1006 752 1074 cupido
772 1006 901 1076 profunda

248 1102 369 1170 imperii,
397 1109 423 1157 et
445 1102 613 1162 diuitiaruma
643 1116 695 1170 qua
712 1103 824 1170 primum
842 1119 900 1156 eum

246 1213 308 1268 rege
326 1197 502 1275 Macedonum
518 1197 639 1266 Philippo
663 1181 761 1252 bellum
783 1195 898 1252 sumsere.

248 1293 320 1348 Dum
333 1289 611 1362 aCarthaginienfibus
626 1293 826 1360 premebantur,
840 1291 902 1346 ami·

181 1419 187 1426 -
249 1389 338 1442 citiam
361 1386 512 1441 simulantes
538 1389 563 1442 ei
586 1385 784 1442 subuenientem
810 1389 902 1443 Antio-

244 1482 326 1554 chum
343 1479 502 1533 conceffione
518 1477 652 1546 Adiae'per
666 1481 755 1533 dolum
765 1491 898 1542 auertere3

247 1591 277 1630 ac
293 1591 371 1638 mox,
398 1574 480 1628 tracto
492 1573 630 1640 Philippo,
658 1571 804 1628 Antiochus
827 1577 899 1627 omni

246 1671 283 1724 cis
300 1667 419 1722 Taumm
443 1681 504 1734 agro
528 1663 659 1719 eddecem
674 1665 791 1720 millibus
814 1667 899 1722 talen-

246 1771 332 1820 torum
345 1760 467 1830 spoliatus
480 1746 525 1814 est.
560 1757 655 1824 Persen
672 1759 766 1816 deinde
778 1759 897 1832 Philippi

245 1857 347 1928 filium,
367 1857 423 1926 post
434 1855 517 1912 multa
532 1865 561 1913 et
573 1857 646 1912 varia
659 1857 809 1925 certamina,
817 1893 821 1900 ·
829 1860 899 1927 apud

248 1931 427 2010 Samothrdcas
443 1955 503 2008 deos
524 1961 661 2023 acceptum
678 1954 707 2006 in
725 1951 823 2023 fidamg
845 1956 901 2009 ccl-

245 2051 316 2116 lidi,
335 2058 362 2105 et
379 2056 522 2118 repertores
537 2048 677 2118 perfidiae,
697 2052 758 2120 quia
773 2051 847 2120 patto
860 2052 902 2107 vi·

247 2153 302 2204 tam
318 2147 459 2212 dederant,
477 2141 619 2198 insomniis.
632 2145 759 2200 occidere.
805 2147 901 2202 Eume·

247 2257 308 2296 nem
324 2229 347 2308 ,’
361 2219 435 2297 cuius
458 2241 600 2294 amicitiam
624 2237 733 2308 gloriose
748 2239 900 2307 ostentant,¹

246 2339 323 2394 initio
340 2339 477 2405 prodidere
490 2335 621 2390 Antiocho
630 2353 642 2398 ,·
652 2333 722 2400 pacis
733 2335 900 2396 mercedem}

245 2430 301 2499 post
314 2431 432 2486 Attalum
448 2430 577 2486 custodem
592 2427 648 2496 agri
665 2427 763 2494 captiui
772 2425 901 2485 sumtibus

246 2533 274 2581 ct
291 2525 457 2580 contumeliis
478 2542 511 2580 ex
530 2540 590 2592 rega
604 2519 788 2578 miserrumum
813 2524 899 2580 semo-

245 2637 305 2675 rum
324 2619 450 2674 offecere:
475 2618 646 2696 fimulatoque
667 2619 751 2688 impio
764 2620 901 2677 teiomren·

245 2702 296 2780 to}
315 2714 401 2770 filium
417 2718 474 2772 eIue
493 2716 682 2783 Aristonicum,
702 2717 764 2785 quia
786 2719 900 2786 patrium

243 2815 355 2880 regnum
366 2809 512 2881 perinent,
528 2811 640 2868 hostium
649 2829 737 2878 more,
754 2830 800 2882 per
808 2813 900 2866 trium·

246 2907 329 2978 phum
348 2909 454 2962 duxere.
501 2906 561 2962 Asca
586 2908 620 2963 ab
643 2905 705 2978 ipfie
727 2905 822 2961 obseiia
844 2905 898 2960 est:

225 3041 229 3079 3
246 3001 373 3071 postremo
386 3009 470 3059 totam
484 3003 661 3074 Bithyniam,
677 3002 819 3064 Nicomede
831 3017 900 3058 mor-
