2216 3790
260 519 319 594 34⁶
417 503 746 584 nncnnnmo

256 650 327 705 idem
336 651 430 708 vitium
439 651 553 706 incidam
565 654 746 721 procacitatis,
766 639 836 725 quoi
848 656 913 712 huic

258 741 361 801 obiinio.
407 746 439 801 ld
450 763 515 814 vos,
545 745 565 800 fi
581 746 651 804 forte
669 747 855 818 offendimini,
873 754 914 808 iu·

257 842 320 912 liius
337 844 417 906 huic,
435 859 513 912 quam
528 843 612 910 mim,
630 841 779 902 succensere
792 846 913 915 debetis,

258 939 303 1008 qui
319 939 425 994 initium
440 940 595 995 introduxit
631 938 688 1010 Ego
705 941 770 995 dabo
787 957 912 1010 opernm,

256 1042 287 1089 vt
304 1041 330 1088 et
346 1051 393 1102 pro
414 1051 456 1089 me
475 1035 584 1090 minimo
606 1051 666 1090 cum
687 1033 787 1091 fastidio
807 1035 913 1106 respun-

258 1133 350 1195 deam,
368 1138 397 1185 et
413 1131 442 1184 in
457 1131 529 1184 hunc
547 1130 655 1186 minime
673 1133 798 1188 mentitus
813 1131 913 1188 eisevi-

258 1226 327 1279 dear.
364 1225 423 1280 Scio
440 1213 554 1292 me‚‘P.
568 1225 597 1280 C.
616 1227 646 1281 in
663 1226 841 1296 respondendo
858 1245 913 1284 non

257 1321 353 1376 habere
372 1335 492 1390 magnam
507 1319 738 1390 extimationem,
766 1326 835 1392 quod
853 1324 913 1379 nul·

256 1417 313 1471 ium
329 1433 376 1470 vos
390 1413 474 1470 sciatis
491 1433 591 1471 nouum
604 1418 703 1473 crimen
719 1420 748 1472 in
762 1418 913 1476 Sallustium

257 1513 406 1576 audituros,
435 1509 479 1566 sed
498 1513 586 1566 omnia
602 1522 692 1569 vetera
708 1517 912 1584 recognituros,

257 1608 315 1676 quis
335 1615 362 1662 et
376 1625 468 1673 meae,
487 1614 515 1662 et
534 1607 632 1662 vestrae
647 1608 719 1674 iam,
738 1617 765 1664 et
774 1608 853 1677 ipfius
865 1627 913 1668 au-

255 1719 298 1762 tes
315 1703 409 1758 calent.
445 1697 543 1759 Verum
563 1720 594 1758 eo
612 1703 694 1772 magis
712 1697 791 1757 odisse
809 1697 913 1760 debe‘ti's

256 1799 406 1864 hominem,
425 1801 520 1868 quine
538 1798 666 1866 incipiens
684 1798 789 1869 quidem
802 1811 912 1867 peomne

256 1895 371 1964 minimis
393 1895 471 1950 rebus
493 1893 579 1966 'posuit
594 1895 791 1956 rudimentum
817 1891 861 1948 sed
873 1895 913 1950 im

255 1989 381 2061 ingmffus
398 1990 452 2057 est,
471 1993 511 2047 vti
523 2007 610 2062 neque
628 1991 661 2046 ab
677 1991 729 2045 alio
744 1991 817 2046 vinci
827 1988 913 2072 poffit.

256 2103 341 2156 neque
355 2085 408 2156 ipse
422 2081 448 2142 se
466 2089 575 2142 omnino
591 2088 694 2157 reliqna
710 2095 795 2144 aetate
813 2084 915 2156 priete-

256 2183 316 2237 rire.
352 2182 444 2253 Itaque
464 2183 535 2240 nihil
546 2167 633 2240 ‘aliud
649 2182 754 2250 studet,
779 2179 847 2248 nii,
872 2177 913 2236 vti

255 2265 473 2345 memmius,
495 2279 787 2348 cumquouisvolutari.
823 2276 913 2345 Longe'

255 2389 318 2430 vern
336 2373 438 2429 fallitur
456 2375 586 2442 opinione.
631 2373 693 2428 Non
709 2373 781 2425 enim
797 2372 914 2440 procaci-

255 2477 309 2526 tate
323 2471 428 2539 linguae
448 2469 518 2523 vitae
535 2465 621 2522 sordes
643 2466 787 2522 eluuntur:
815 2465 914 2522 fedeli
975 2459 979 2470 ’

256 2567 384 2636 quaedam
400 2564 549 2629 calumnia,
568 2579 646 2633 qnam
663 2563 843 2634 vnusquisque
865 2577 913 2618 noa

255 2661 336 2718 stmm
352 2659 460 2717 testante
476 2661 565 2715 animo
578 2658 623 2715 suo
641 2658 713 2726 fert,
738 2661 771 2714 de
790 2675 842 2725 en,
867 2657 913 2728 qui

255 2757 351 2815 falsum
369 2755 561 2814 crimen'bonis
578 2755 697 2812 obienat.
735 2755 811 2822 Quod
823 2754 843 2810 fi
856 2755 912 2809 vita
980 2791 985 2797 -

257 2855 330 2910 istius
342 2855 494 2910 memoriam
506 2855 615 2909 vicerit:
637 2852 711 2908 illam
728 2851 758 2906 Ρ.
771 2851 801 2906 C.
814 2861 867 2904 non
879 2865 913 2904 en

169 2949 174 2958 ’
257 2953 390 3018 oratione,
415 2947 459 3005 sed
477 2967 511 3004 ex
529 2949 644 3004 moninus
663 2945 714 3003 suis
733 2945 847 3022 spestane
868 2947 913 2998 dea

256 3046 332 3101 betis.
379 3047 436 3102 lam
457 3047 523 3101 dabo
539 3061 664 3117 operam,
692 3057 768 3112 quam
789 3053 913 3095 maxumo
