2216 3790
234 477 294 542 284
367 481 753 535 SALLVSTH

232 601 331 670 scelus,
350 611 395 658 aut
405 603 541 658 auaritiam
558 601 675 668 caesum,
693 603 736 659 sed
751 604 884 660 volentem
936 675 939 682 ‚

231 715 279 769 pro
294 700 422 752 maxumis
439 697 574 762 benefieiis
593 700 707 752 animaru
721 699 789 754 dono
802 698 884 754 dedis-

232 793 266 848 se.
315 795 364 848 Per
385 811 448 860 vos,
476 795 611 860 Quirites,
637 801 664 849 et
680 794 789 864 gloriam
804 797 884 861 maio,
988 813 997 832 ·

231 907 307 955 mm,
331 889 441 945 tolerate
465 887 597 955 aduersa,
628 897 655 944 et
672 887 796 944 consulite
815 891 881 958 reip.

231 983 322 1039 Multa
338 1001 400 1038 eura
411 982 508 1039 summo
525 986 634 1054 imperio
649 985 731 1052 inest,
750 985 826 1040 multi
841 985 883 1038 in·

231 1087 322 1148 gentes
339 1079 457 1134 labores:
484 1096 547 1149 quos
563 1081 738 1150 nequidquam
757 1080 882 1146 abnuitis,

231 1184 259 1230 et
276 1175 346 1244 pacis
365 1174 527 1243 opulentiam
543 1176 682 1246 quaeritis:
712 1194 772 1232 cum
793 1192 882 1230 omnes

231 1272 399 1340 prouinciae,
417 1287 512 1338 regna,
531 1272 622 1337 maria,
638 1271 773 1341 terraeque
786 1269 885 1341 aspera,

221 1375 277 1426 aut
295 1365 357 1421 feisa
374 1366 451 1420 bellis
465 1363 524 1420 fint.
906 1359 909 1378 ¹

266 1462 389 1516 Germani
414 1461 541 1516 insenum
563 1462 705 1518 renonibus
730 1479 823 1530 eorpus
844 1470 884 1518 te·

230 1565 304 1626 gunt.
331 1555 448 1632 Istdqrus.

264 1653 338 1707 Vnde
356 1670 421 1722 pons
442 1654 470 1707 in
493 1636 619 1724 oppidum
641 1652 775 1720 pertinens
798 1650 882 1720 expli·

230 1757 312 1805 eamr.
338 1748 481 1818 Arrfianur.

264 1843 300 1901 Et
316 1847 341 1900 ei
359 1861 424 1900 voce
436 1861 530 1915 magna
539 1843 709 1900 vehementer
717 1841 882 1916 gratulaban-

229 1949 281 1998 mr.
312 1943 433 1996 Donatus.

263 2037 299 2092 lit
322 2037 425 2092 Marius
452 2037 537 2093 vitius
568 2040 748 2108 duplicanerat
772 2037 881 2094 beilum.

229 2135 343 2188 Seruius.

264 2230 350 2300 Atque
359 2246 402 2286 eos
413 2238 510 2300 atergu
521 2231 697 2285 incurrerunt
720 2228 881 2294 Rufinianus.

264 2325 297 2380 ln
311 2326 383 2379 hunc
398 2326 505 2378 modum
518 2321 642 2378 diffentit
671 2320 830 2382 Priscianus.

262 2418 328 2474 lude
346 2426 418 2472 ortus
441 2415 523 2472 sermo
543 2413 771 2485 percursitantibus
789 2416 882 2471 virim-

87 2495 90 2502 !
191 2525 204 2536 “
228 2530 297 2584 que,
315 2501 389 2568 Sa'tin
401 2510 487 2573 fflues
515 2527 593 2583 quam
605 2511 673 2581 grati
690 2509 800 2566 duribus
811 2508 881 2579 suis,

229 2611 332 2682 quantis
343 2606 517 2666 familiaribus
532 2607 614 2678 copiis
626 2607 808 2679 augerentur?
830 2607 883 2663 Do-

227 2718 310 2763 natus.
943 2713 945 2720 '

262 2789 362 2873 Fugam
375 2802 467 2858 uostris
484 2800 581 2856 fecere.
611 2801 712 2856 Seneca.

263 2899 337 2964 Quae
361 2901 450 2954 audita
463 2897 660 2954 Panormitanos
677 2897 771 2962 desiere
788 2891 882 2947 Roma·

228 2994 271 3048 ais
284 2993 378 3052 iacere.
404 2994 485 3050 Idem.
