2258 3792
564 393 568 427 i

284 546 286 554 ·
368 509 752 568 rvuvttuttu.
836 511 890 576 133

242 647 363 689 uorvur
398 645 533 689 rulvssv
563 644 702 686 Nucuvu
736 641 892 686 rorvrssu

244 743 366 784 rouuvs
392 738 492 782 nm.
530 725 626 780 Consul
646 725 785 792 impeditus
810 741 825 777 a
846 727 894 780 tri-

241 822 320 878 bunis
340 823 424 892 plebis
437 840 488 888 ne,
508 839 570 891 quas
586 828 721 890 parauerat
737 821 839 890 copias,
856 818 894 876 se·

243 926 440 987 comportaret,
459 919 547 986 paucis
559 917 650 973 diebus
665 917 693 969 in
709 913 825 970 Africam
835 931 893 986 pro-

242 1010 375 1068 ficiscitur.
413 1029 474 1067 nam
488 1014 571 1066 enanis
588 1012 727 1076 exercitus,
745 1013 785 1065 vti
799 1023 894 1066 conue-

243 1115 334 1173 nerat,
350 1107 476 1161 Numidia
492 1107 633 1172 deductus,
650 1108 679 1159 in
694 1107 828 1174 prouincia
838 1107 894 1160 hie·
992 1118 996 1132 “

243 1200 339 1255 mabar.
376 1199 512 1269 Postquam
528 1203 654 1259 cnvenit:
674 1217 828 1271 quamquam
837 1219 894 1270 per-

245 1293 315 1364 sequi
331 1296 484 1365 Iugurtham
503 1303 529 1350 et
551 1297 650 1350 mederi
672 1293 801 1352 fraternae
825 1298 917 1352 tnui·

245 1392 302 1446 diae
328 1393 428 1446 animus
450 1389 579 1452 ardebam
612 1392 723 1462 cognitis
746 1392 893 1459 militibus,

183 1523 185 1526 -
243 1503 307 1556 quos
320 1493 422 1557 praeter
438 1485 546 1556 fugam,
570 1484 652 1542 soluto
667 1489 795 1558 imperio,
813 1488 895 1542 liceu-

242 1584 280 1638 tia
301 1591 378 1652 utque
392 1581 498 1638 lasciuia
516 1591 685 1652 corruperat,
710 1601 743 1638 ex
762 1584 836 1652 copia
854 1599 895 1638 re-

242 1695 300 1734 nun
311 1677 508 1746 itamit,.oinil
519 1676 567 1732 fibi
585 1680 743 1747 agitandum.
761 1687 765 1696 ’

483 1773 555 1828 cnr.
592 1773 657 1828 XL.

287 1869 392 1924 Interea
411 1869 508 1924 Romae
533 1870 563 1923 C.
585 1868 723 1924 Mamilius
745 1869 895 1926 [inienuus

245 1961 367 2018 tribunus
382 1963 466 2031 piebis
481 1966 642 2033 rogationem
656 1967 688 2020 ad
701 1965 827 2036 populum
836 1981 896 2035 pro·

243 2057 360 2125 mulgut,
377 2060 422 2111 uti
436 2063 594 2127 quaereretur
606 2061 634 2114 e'n
647 2079 700 2126 eos,
722 2079 826 2132 quorum
840 2077 896 2114 cou-

233 2149 296 2219 file'o
314 2152 442 2219 Iugurtha
455 2153 544 2207 Seuute'
557 2157 654 2210 decreto
664 2153 802 2227 neglegeffit
810 2175 820 2218 ‚-
838 2159 896 2225 qui-

240 2265 290 2316 que
302 2250 331 2302 ub
350 2267 376 2302 eo
390 2251 417 2302 in
429 2249 609 2318 legationibus,
637 2263 682 2307 uut
695 2253 809 2320 imperiis
822 2264 897 2336 pecu3

125 2385 130 2409 ,
238 2345 296 2398 nias
307 2340 452 2415 occepiffent
461 2363 472 2410 ,·
498 2349 545 2416 qui
557 2348 712 2417 elephantos,
728 2349 821 2417 quique
838 2359 896 2416 per·

233 2437 316 2503 fugos
340 2435 523 2511 tradideffents
551 2445 613 2498 item
632 2445 677 2513 qui
698 2443 727 2496 de
744 2443 824 2512 poce,
848 2451 896 2494 out

242 2530 371 2596 bellacum
390 2535 496 2599 hostibus
513 2538 639 2606 pactiones
650 2534 777 2609 feciffiut.
825 2536 896 2590 Huic

242 2625 371 2692 rogationi
387 2631 483 2694 partim
501 2632 595 2689 conscii
617 2633 666 2688 fibi
680 2653 691 2700 ·,
719 2634 765 2688 alii
787 2649 820 2686 ex
839 2648 898 2700 par·
994 2694 998 2700 ,
1076 2682 1079 2688 -

242 2717 310 2775 tium
328 2721 430 2776 inuidia
447 2727 563 2792 pericula
584 2737 747 2794 metuentes,
765 2727 895 2800 ‚quoniam

237 2825 330 2884 ‚aperte
346 2817 459 2896 resistere
478 2837 531 2874 nou
552 2832 690 2892 poterant,
718 2823 782 2894 quin
802 2821 850 2875 illa
869 2831 896 2876 et

119 2993 127 2998 .
240 2912 293 2966 alia
303 2914 367 2968 talia
376 2908 479 3002 placere
493 2913 541 2971 fibi
554 2917 717 2980 faterentur}
736 2917 839 2974 occulte
849 2934 895 2986 per

240 3011 359 3076 unicos,
374 3029 413 3074 ac
437 3029 559 3068 manente
577 3031 624 3082 per
645 3016 765 3070 homines
781 3013 895 3068 nominis
