2156 3808
275 575 333 630 tu
383 537 683 634 οιιιιιιιιιι.
722 581 725 591 ’
762 579 816 640 373

173 705 227 754 tat:
246 699 342 767 quippe
362 699 408 768 qui
421 701 571 753 commodus
588 699 638 753 erit
656 699 694 752 ita
711 697 820 768 legenti,

171 785 249 853 piebis
268 797 322 852 opes
340 787 487 839 imminutae
496 799 634 854 paucorum
646 785 768 854 potentia.

209 869 278 923 Ibid.
292 869 312 922 1.
325 873 366 925 16.
386 869 472 924 dubiis
487 869 566 924 rebus
586 870 734 936 nouandis]
750 870 823 924 Mal-

174 953 213 1008 let
232 954 360 1010 Gruterus
377 957 500 1021 nouandi,
520 956 563 1009 cui
579 971 632 1012 non
651 953 756 1009 obscure
777 957 823 1009 ad-

175 1036 287 1093 sentitur
302 1036 445 1104 Wass'eus,
464 1041 509 1108 qui
522 1041 573 1093 hoc
588 1040 616 1100 in
630 1033 731 1093 duobus
748 1042 822 1096 codd.

175 1122 249 1191 legit.
285 1121 348 1176 Fuit
360 1123 438 1178 etiam
457 1122 520 1177 olim
535 1123 564 1175 in
580 1121 667 1176 Guelfi
677 1137 702 1189 7.
715 1131 741 1178 et
754 1141 779 1192 9.
794 1126 825 1178 in

178 1223 219 1262 11.
235 1223 298 1260 veru
316 1208 458 1269 renouanii,
494 1207 530 1261 Et
546 1215 634 1262 tamen
657 1195 826 1262 alterum'ar-

177 1292 265 1361 gutius
282 1308 359 1360 quam
376 1293 465 1352 verius
481 1292 583 1346 Curtius
597 1298 697 1347 tuetur.
734 1294 827 1347 Dubiis
928 1341 930 1352 ,

177 1378 248 1435 retus
265 1378 314 1431 int.
328 1387 431 1446 propter
440 1393 481 1436 res
500 1376 599 1440 dubius.
639 1379 827 1434 Noumdisau·

177 1469 233 1516 tem
252 1462 297 1516 vel
318 1460 457 1516 alibmio
471 1461 631 1531 proteum,
656 1464 701 1531 qui
722 1479 827 1531 praece-

178 1547 252 1600 denti
271 1544 433 1618 substantiuo,
453 1546 561 1607 verbum
583 1547 758 1616 adaptandam
778 1566 827 1618 pu-

177 1633 263 1698 tuuit,
281 1631 347 1697 vel,
362 1633 432 1700 quod
449 1629 522 1700 saepe
535 1630 583 1696 fit,
602 1633 769 1687 nonneminis
784 1634 827 1687 in-

179 1717 254 1771 curia
268 1715 399 1786 sequentis
418 1718 490 1772 vocis
508 1715 618 1778 initialis
640 1716 716 1772 litera
734 1719 828 1773 antici-

178 1809 240 1872 pata
262 1802 314 1856 fuit
334 1818 364 1855 ac
379 1803 517 1870 geminata.
554 1801 611 1854 Cet.
628 1801 697 1856 conf.
716 1803 826 1868 Miscei.

179 1887 226 1950 oifi
246 1889 305 1939 crit.
322 1885 381 1938 vol.
392 1898 437 1942 vl.
458 1891 520 1945 tom,
535 1899 557 1938 Ι.
577 1901 605 1951 p.
618 1890 676 1950 306.

214 1971 245 2027 P.
257 1984 300 2036 43.
320 1968 393 2036 ¹217·
412 1969 541 2037 plerisque
558 1966 740 2045 principibus]
776 1971 830 2028 Ad-

181 2057 249 2128 ‹iunt
267 2060 316 2106 cet.
333 2059 438 2120 praeter
461 2051 531 2104 Cort.
549 2054 590 2105 ed.
610 2060 664 2107 vet.
681 2070 771 2110 omnes
793 2061 831 2131 ci-

181 2141 327 2202 nimium,
354 2136 423 2205 quod
446 2136 517 2191 delet
535 2135 606 2190 Cort.
630 2141 699 2205 quod
724 2140 830 2197 difficile

183 2221 357 2277 demonstratu
374 2222 490 2286 iudicat,
509 2220 672 2276 Vmbrenum
688 2227 832 2293 negotiata.

184 2323 239 2362 rem
261 2322 354 2360 omnem
378 2307 486 2361 Galliam
505 2305 657 2376 peragrasse.
693 2307 832 2368 ciuitatem

115 2409 118 2422 ¹
183 2393 264 2462 igitur
270 2409 349 2449 unam
356 2391 526 2462 Allobrogum
540 2399 631 2462 putat,
650 2393 766 2461 quofere
778 2413 834 2466 mu·

184 2481 218 2532 do
239 2479 359 2547 Inprimis
376 2473 466 2532 Caesar
491 2475 645 2547 frequentet
662 2495 692 2534 eo
706 2479 834 2536 vocabulo

185 2564 277 2618 utitur.

160 2706 164 2715 Ι
220 2647 250 2700 P.
259 2662 302 2712 45.
317 2646 387 2702 l.12.
411 2647 503 2702 euntia
518 2645 625 2702 iimul..
636 2650 664 2716 .]
683 2649 723 2705 Itu
735 2667 834 2720 omnes,
934 2645 937 2650 Δ

186 2730 235 2784 nisi
254 2731 403 2799 quodſsmul
418 2731 505 2786 locum
524 2740 610 2786 mutat
623 2733 652 2786 in
666 2734 755 2788 Senat.
768 2753 792 2790 2.
810 2745 837 2792 et

188 2815 258 2870 abest
268 2817 300 2868 ab
310 2815 470 2869 editionibus
485 2816 585 2884 aliquot
598 2817 663 2870 olim
681 2817 755 2874 culis.
775 2820 837 2875 Cor-

186 2903 240 2956 tius
256 2900 359 2955 uncinis
376 2898 496 2968 inclusit,
514 2908 542 2956 et
559 2917 605 2969 pro
618 2899 711 2970 spuriis
722 2908 836 2974 agnouit,
880 2935 885 2942 ·

187 2984 290 3056 quodie
307 2988 472 3040 commodum
489 2983 587 3068 seusum
603 2994 757 3057 extorquere
769 2989 837 3060 poffe

189 3077 275 3140 negat.
318 3070 414 3125 Nonne
434 3078 540 3153 autem?
567 3071 612 3140 qui
632 3075 720 3129 omnia
738 3072 837 3143 simul,
