2238 3800
339 523 724 580 IVGVRTHm
801 498 941 587 ms⁴

211 649 325 720 polloret
342 649 433 706 moltis
450 649 617 720 rogantibus,
635 649 693 704 aliis
710 665 756 720 per
771 646 797 704 le
809 647 862 719 iple

212 747 273 800 dare
298 744 425 802 beneficis
440 784 449 813 ,
465 747 576 820 ⁸inuitus
604 745 737 814 accipere:
764 743 807 800 sed
832 761 886 800 eat

211 843 510 911 properantius‚··quam
526 857 576 896 nes
600 847 721 896 mutuum
737 842 861 902 redderes

210 935 263 1004 ipse
281 936 313 991 nb
334 937 408 992 nullo
426 944 558 1006 repetere:
578 936 661 1003 magis
678 936 705 990 id
723 935 862 1003 laborare,

210 1039 241 1086 vt
262 1032 303 1085 illi
324 1031 524 1101 quamplurimi
544 1029 683 1084 deberent:
710 1031 767 1086 ioco
784 1041 862 1100 atque

210 1124 274 1180 seria
297 1130 356 1179 'oum
372 1123 536 1178 humillumis
552 1137 641 1192 agere:
657 1125 701 1177 'in
723 1125 862 1193 operibus,

211 1221 240 1272 in
257 1221 361 1288 agmine
377 1227 455 1288 atque
476 1219 508 1272 nd
524 1217 628 1286 vigilius
645 1209 743 1274 multus'
760 1218 843 1275 adello
853 1215 871 1275 ι’

211 1327 297 1384 neque
318 1315 440 1380 interim,
468 1315 537 1384 quod
556 1329 637 1382 praua
653 1314 759 1370 ambitio
778 1313 861 1384 solet,

211 1407 347 1476 Consulis,
372 1407 418 1464 a'ut
438 1410 589 1480 miusqurm
613 1407 792 1464 bertilanam
809 1411 862 1474 lae-

211 1509 289 1562 i'ere:
313 1504 492 1561 tantummodo
519 1521 605 1574 neque
626 1500 747 1573 consilio,
776 1523 861 1577 neque

209 1605 289 1657 uranu
306 1603 419 1673 priorem
437 1601 523 1682 alium¹
537 1601 609 1670 potis
633 1601 770 1672 plerosque
788 1612 862 1659 antes
910 1583 912 1590 Ι

208 1699 308 1753 uemre.
344 1697 408 1763 Quis
430 1697 508 1754 rebus
525 1697 600 1751 breui
614 1695 702 1752 Mario
720 1695 861 1754 militibus·

209 1807 260 1863 que
284 1792 432 1848 catillumus
449 1791 541 1848 fanus.
729 1782 732 1790 ’

418 1887 491 1941 Gne.
526 1887 661 1943 xcvn.

245 1985 281 2038 llt
296 1981 439 2050 Iugurtha,
459 1979 593 2049 postquam
609 1985 734 2051 oppidum
752 1983 860 2055 Capsam

211 2077 331 2146 aliosque,
343 2075 414 2128 locos
433 2075 550 2128 munitos
565 2083 592 2129 et
608 2071 656 2129 fibi
677 2079 750 2134 utilis
765 2080 859 2148 fimul,

211 2179 238 2227 et
247 2187 366 2240 magnam
380 2170 519 2238 pecuniam
534 2167 666 2236 amiserat,
684 2175 716 2226 ad
727 2173 861 2231 Bocchum

210 2269 320 2324 nuntios
337 2267 435 2330 mittit,
453 2266 651 2336 quamprimum
662 2267 690 2318 in
707 2268 861 2324 Numidiam

209 2367 293 2434 copias
313 2364 466 2426 adducerem
501 2359 596 2432 proelii
613 2359 738 2426 faciundi
764 2372 860 2432 tempus

210 2455 292 2528 odeffe.
329 2459 412 2524 Quem
423 2459 470 2514 vbi
484 2457 600 2512 nuntiari
617 2457 733 2526 accepit,
752 2457 860 2514 dubium

184 2539 275 2606 ‘belli
293 2561 370 2621 atque
396 2555 465 2622 pacis
487 2556 600 2608 rationes
624 2553 743 2609 trahere:
774 2552 860 2610 ruistis

209 2648 249 2702 vti
267 2654 362 2712 antea,
379 2663 518 2714 proxumos
535 2650 610 2703 donis
627 2649 782 2718 corrumpit,
801 2647 861 2719 ipli·

210 2757 261 2812 que
274 2741 370 2798 Mauro
384 2741 523 2810 pollicetur
536 2741 675 2796 Numidiae
691 2732 791 2812 partem
808 2751 862 2799 ter-
881 2731 885 2753 ¹

208 2839 289 2905 tiam,
313 2833 334 2891 st
358 2845 404 2892 nut
424 2836 534 2890 Romani
550 2836 639 2890 Africa
656 2837 772 2907 expulii,
791 2819 840 2894 rut
849 2878 859 2906 ,

209 2935 317 3003 integris
331 2931 393 2988 uuis
421 2929 538 2999 linibus,
566 2911 666 2988 bellum
692 2933 860 3004 oompolitnm

208 3011 285 3088 ioret.
328 3027 368 3084 Eo
386 3029 500 3098 proemio
515 3028 619 3084 illestus
635 3029 771 3098 Bocchus,
799 3047 858 3086 cnm
921 3017 951 3063 ’·
999 3015 1002 3026 ’
