2228 3800
181 565 186 579 .
270 535 308 599 30
394 504 779 590 sarrvsr1i

268 657 309 710 dis
326 651 431 710 infidias
454 653 561 723 parabat
578 653 707 708 Ciceroni.
754 652 848 724 Neque
874 654 917 709 illi
993 706 998 716 ,

267 759 356 806 tamen
382 749 415 803 ad
443 750 588 804 cauendum
615 748 709 818 dolus,
736 756 782 804 aut
811 749 917 806 outae
967 790 969 793 -

266 848 383 906 deerant.
435 846 554 914 Namque
575 862 590 898 a
615 845 745 914 principio
773 841 919 912 consulatue

262 941 323 1010 sui,
341 942 425 996 multa
439 939 587 1010 pollicendo
603 957 650 1010 per
664 939 807 1007 Fuluiam,
826 939 919 998 effece-

164 1057 167 1064 ’
266 1047 329 1105 rat,
354 1038 443 1103 ,vt-Q
465 1036 577 1104 Curius,
607 1038 639 1090 cle
665 1052 716 1105 quo
739 1035 830 1105 paullo
857 1044 919 1092 ante

263 1133 430 1198 memorem,
459 1129 565 1186 confilia
579 1131 707 1188 Catilinae
723 1129 772 1186 sibi
788 1133 917 1200 proderet.

266 1233 309 1288 Aa
326 1232 376 1286 hoo
393 1230 516 1298 collegam
538 1225 612 1282 suum
633 1228 778 1288 Antonium
799 1228 918 1296 pastione

266 1327 418 1397 prouinciae
434 1324 599 1394 perpulerat,
620 1332 760 1378 naconem
777 1322 919 1392 rempubli-

268 1437 325 1476 cam
343 1418 458 1474 sentiret
478 1419 576 1474 circum
593 1417 619 1474 se
637 1417 762 1486 praefiiiia
775 1421 918 1474 amicorum

266 1523 345 1583 atque
363 1513 499 1568 clientium
513 1513 616 1568 occulte
632 1512 752 1568 habebat.
783 1513 919 1584 Postquam

265 1612 324 1666 cies
340 1609 504 1664 comitiorum
520 1608 614 1674 venit,
640 1616 666 1662 et
682 1607 810 1672 Catilinae
832 1627 918 1679 neque

267 1707 378 1776 petitio,
394 1720 478 1772 neque
495 1699 616 1771 insidiae,
637 1717 700 1772 quas
717 1703 871 1762 Consulibus
889 1709 919 1762 in

267 1819 358 1869 campo
385 1798 484 1854 fecerat
505 1797 623 1869 prospere
641 1798 755 1862 cellere5
787 1801 932 1860 constituit·

267 1897 368 1962 bellum
387 1895 472 1950 facere
491 1903 518 1950 et
535 1902 650 1953 extrema
676 1897 764 1950 omnia
785 1898 916 1966 experiri:

238 1969 243 1984 ⁸
268 1993 391 2062 quoniam
418 2007 483 2060 quae
506 1992 608 2048 occulte
629 1969 802 2060 rennueret,
832 1991 919 2063 aspera

267 2088 396 2158 sociaque
418 2095 568 2143 euenerant.
942 2079 949 2092 “

467 2183 540 2239 Car.
570 2185 712 2244 XXVII..

229 2317 233 2327 ·
280 2311 282 2316 .
302 2280 387 2350 Igitur
405 2281 435 2336 C.
449 2280 582 2338 Manlium
595 2280 714 2338 Faesulas
727 2288 803 2348 atque
816 2281 844 2332 in
858 2295 916 2334 eam

265 2385 366 2448 partem
385 2375 525 2441 Etruriae,
547 2377 702 2444 Septimium
719 2374 856 2442 querulam
870 2375 918 2428 Ca·

265 2482 377 2530 mertem
399 2474 427 2526 in
447 2487 537 2538 agrum
555 2469 697 2534 Picenum,
723 2469 752 2524 C.
773 2467 871 2524 lulium
888 2470 918 2526 iu

267 2569 391 2641 Apuliam
420 2564 541 2622 dimifit·
626 2572 711 2622 eterea
737 2565 818 2618 alium
845 2566 917 2634 alio,

284 2683 345 2722 uem
371 2580 669 2740 ubique’opfflium
696 2661 823 2718 credebat.
873 2663 918 2717 ln-

227 2765 257 2809 ·'·
308 2781 338 2820 ea
355 2761 453 2818 Romae
469 2759 552 2814 multa
576 2757 652 2814 simul
672 2759 781 2820 molitu
811 2755 917 2814 consuli

226 2820 232 2935 ξ
266 2859 371 2916 infidias
389 2859 513 2924 tendere,
534 2871 623 2925 parare
637 2857 775 2919 incendia,
794 2860 917 2921 opportu-
937 2861 944 2915 ,·

228 2946 234 2983 ²
258 2971 302 3022 (na
325 2955 382 3012 loca
401 2955 505 3016 umetis
525 2949 675 3016 hominibus
692 2948 827 3006 obsidere:
862 2946 917 3016 ipse

165 3131 168 3140 Ι
269 3065 328 3106 cum
345 3051 399 3140 tglo
418 3047 484 3116 esse,
501 3050 566 3102 item
579 3047 644 3102 alios
661 3045 776 3278 iu&
798 3043 916 3120 hortari,

723 3205 761 3290 „i
